period_start,product_id,total_units_sold,total_revenue,avg_unit_price,avg_inventory_level
2020-01-31,1,6206,332435.58,54.11822580645162,43.593548387096774
2020-01-31,2,6062,325080.11,53.535870967741936,41.74516129032258
2020-01-31,3,6253,322471.76,50.972096774193545,43.16129032258065
2020-01-31,4,6271,335566.26,53.72316129032258,41.561290322580646
2020-01-31,5,6351,327150.72,51.566870967741934,44.487096774193546
2020-01-31,6,6038,309422.9,51.74219354838709,42.37096774193548
2020-01-31,7,5937,309167.46,51.91454838709677,42.37096774193548
2020-01-31,8,6256,337124.24,53.35838709677419,42.60645161290323
2020-01-31,9,6216,329847.31,52.8693870967742,42.44516129032258
2020-01-31,10,6129,302786.5,49.462709677419355,42.81935483870968
2020-01-31,11,6205,336505.08,53.69354838709677,40.987096774193546
2020-01-31,12,6270,336102.94,52.540451612903226,43.41290322580645
2020-01-31,13,6251,326797.33,52.29635483870968,41.6
2020-01-31,14,6172,329655.86,53.45122580645161,41.24193548387096
2020-01-31,15,6183,318619.09,51.59729032258065,42.8
2020-01-31,16,6188,305725.4,49.45741935483871,41.8741935483871
2020-01-31,17,6181,324068.6,52.226612903225806,42.27096774193548
2020-01-31,18,6083,320428.99,52.41193548387097,43.05806451612903
2020-01-31,19,6282,327969.34,51.491419354838705,41.68709677419355
2020-01-31,20,6051,316349.44,52.43961290322581,42.832258064516125
2020-01-31,21,6311,323345.68,51.67493548387097,43.16451612903226
2020-01-31,22,6309,333413.93,53.17896774193548,42.277419354838706
2020-01-31,23,6199,321766.85,52.318483870967746,42.62258064516129
2020-01-31,24,6184,319668.73,50.87064516129032,43.29032258064516
2020-01-31,25,6258,325649.96,52.13403225806451,41.693548387096776
2020-01-31,26,6173,326868.57,53.2433870967742,42.809677419354834
2020-01-31,27,6118,326744.58999999997,53.155645161290316,40.825806451612905
2020-01-31,28,6094,315072.83,51.32329032258065,41.177419354838705
2020-01-31,29,6221,334195.64,53.800225806451614,42.8741935483871
2020-01-31,30,6014,324058.14,54.26809677419355,41.89677419354838
2020-01-31,31,6160,324514.01,52.72303225806452,41.41612903225806
2020-01-31,32,6178,324387.54,53.587935483870965,44.35806451612903
2020-01-31,33,6129,324610.58999999997,52.8308064516129,43.21612903225806
2020-01-31,34,6162,326383.75,52.53716129032258,43.24193548387097
2020-01-31,35,6207,335272.97000000003,54.580870967741944,40.73870967741935
2020-01-31,36,6171,308555.9,49.688,42.46129032258064
2020-01-31,37,6299,345309.68,54.89370967741936,42.50967741935484
2020-01-31,38,6135,330411.22000000003,53.47945161290322,41.16451612903226
2020-01-31,39,6239,347522.7,55.52919354838709,43.59677419354839
2020-01-31,40,6141,292121.32,47.74009677419355,42.693548387096776
2020-01-31,41,6119,321281.38,53.34335483870967,41.73870967741935
2020-01-31,42,6016,316879.16000000003,53.05183870967742,42.64193548387097
2020-01-31,43,6277,323307.55000000005,51.7703870967742,43.18709677419355
2020-01-31,44,6208,336577.49,54.14993548387097,41.80322580645161
2020-01-31,45,6091,336550.13,54.59525806451613,41.26774193548387
2020-01-31,46,6062,312940.69,51.34400000000001,42.68387096774193
2020-01-31,47,6046,325542.94,54.50458064516128,43.59032258064516
2020-01-31,48,6186,321938.08,51.37641935483871,42.438709677419354
2020-01-31,49,6148,322075.65,52.540193548387094,43.42258064516129
2020-01-31,50,6056,320179.79,53.12051612903226,42.14193548387097
2020-02-29,1,6411,343932.44,53.4178275862069,44.675862068965515
2020-02-29,2,6480,354792.39,54.248000000000005,45.41379310344827
2020-02-29,3,6317,351721.87,55.56413793103449,44.66206896551724
2020-02-29,4,6387,345830.05,54.58610344827586,44.41724137931034
2020-02-29,5,6403,331973.14,52.19906896551724,43.87586206896552
2020-02-29,6,6280,325483.15,51.30841379310344,43.05862068965517
2020-02-29,7,6499,340818.73,52.244241379310346,44.62068965517241
2020-02-29,8,6461,333740.58999999997,51.636137931034476,45.02758620689655
2020-02-29,9,6353,332035.4,52.440999999999995,45.45517241379311
2020-02-29,10,6440,342009.78,53.75051724137931,45.40689655172414
2020-02-29,11,6537,331410.95,50.43310344827586,45.779310344827586
2020-02-29,12,6402,329798.25,51.36237931034483,44.52413793103448
2020-02-29,13,6523,328686.77,50.516000000000005,46.45172413793104
2020-02-29,14,6336,364321.01,56.03851724137932,44.90689655172414
2020-02-29,15,6451,327834.49,50.98441379310345,44.36896551724138
2020-02-29,16,6281,341279.86,53.79189655172414,43.50344827586207
2020-02-29,17,6499,349588.07,53.486000000000004,45.47931034482759
2020-02-29,18,6439,324072.11,50.535586206896554,44.26551724137931
2020-02-29,19,6443,334290.88,52.06672413793103,45.28965517241379
2020-02-29,20,6646,332666.07,50.06748275862069,45.668965517241375
2020-02-29,21,6492,352568.03,54.44796551724138,45.03103448275862
2020-02-29,22,6540,344433.74,52.23817241379311,45.41724137931034
2020-02-29,23,6436,327306.54,51.48558620689655,45.35862068965517
2020-02-29,24,6410,334576.34,52.552862068965524,45.48620689655172
2020-02-29,25,6434,344399.31,53.48879310344828,44.782758620689656
2020-02-29,26,6430,331766.18,51.39806896551725,44.87931034482759
2020-02-29,27,6374,354446.61,55.42075862068966,44.813793103448276
2020-02-29,28,6421,306929.95,48.26368965517241,41.837931034482764
2020-02-29,29,6441,321547.0,50.147413793103446,46.186206896551724
2020-02-29,30,6543,334683.97,50.950034482758625,43.71034482758621
2020-02-29,31,6338,325917.09,51.22262068965517,45.76206896551724
2020-02-29,32,6415,341220.94,53.133655172413796,45.52758620689655
2020-02-29,33,6496,347121.23,53.10613793103448,45.71379310344828
2020-02-29,34,6550,342032.19,52.03520689655172,44.313793103448276
2020-02-29,35,6590,353911.12,53.62641379310345,46.79655172413793
2020-02-29,36,6465,349474.07,54.26848275862069,44.10689655172414
2020-02-29,37,6572,336323.19,51.93344827586206,45.258620689655174
2020-02-29,38,6255,315942.98,50.59041379310345,46.13103448275862
2020-02-29,39,6405,330833.17,52.01368965517241,44.38965517241379
2020-02-29,40,6428,329286.06,51.106448275862064,45.44137931034483
2020-02-29,41,6474,345864.53,54.060655172413796,45.93448275862069
2020-02-29,42,6479,345131.46,53.24555172413793,45.44137931034483
2020-02-29,43,6437,332268.07,51.248724137931035,43.89655172413793
2020-02-29,44,6363,323921.39,51.55427586206897,44.713793103448275
2020-02-29,45,6390,339775.97,53.0566551724138,43.689655172413794
2020-02-29,46,6421,332893.4,51.36937931034483,46.19310344827586
2020-02-29,47,6453,336546.96,51.997,45.855172413793106
2020-02-29,48,6466,340178.26,52.59434482758621,45.02068965517241
2020-02-29,49,6237,330550.03,53.191931034482764,44.99655172413793
2020-02-29,50,6320,344104.95,54.293241379310345,45.19310344827586
2020-03-31,1,7178,396616.31,54.54696774193549,45.11290322580645
2020-03-31,2,7196,388434.85,53.60922580645162,47.31935483870968
2020-03-31,3,7240,368900.36,50.898548387096774,45.13548387096775
2020-03-31,4,7319,368134.48,50.02951612903226,46.68064516129032
2020-03-31,5,7213,368358.28,51.535322580645165,46.193548387096776
2020-03-31,6,7245,389206.67,53.486612903225804,44.7
2020-03-31,7,7179,385363.12,53.44841935483871,46.0
2020-03-31,8,7437,385327.48,52.034129032258065,47.383870967741935
2020-03-31,9,7279,366705.69,50.520419354838715,46.40322580645161
2020-03-31,10,7388,396248.34,54.0461935483871,46.93225806451613
2020-03-31,11,7320,378325.19,51.983645161290326,47.95483870967742
2020-03-31,12,7299,394258.81,54.376548387096776,45.538709677419355
2020-03-31,13,7208,365863.49,50.63945161290322,46.99354838709677
2020-03-31,14,7128,383481.18,53.49393548387096,46.47096774193548
2020-03-31,15,7263,393142.42,53.76438709677419,44.63548387096775
2020-03-31,16,7264,372418.18,51.403612903225806,46.58709677419355
2020-03-31,17,7217,365583.58999999997,50.285161290322584,46.95483870967742
2020-03-31,18,7318,392069.76,52.87980645161291,45.91935483870968
2020-03-31,19,7256,379336.25,52.834967741935486,47.196774193548386
2020-03-31,20,7351,391386.16000000003,52.467354838709674,47.03225806451613
2020-03-31,21,7247,389177.85,54.26512903225806,45.564516129032256
2020-03-31,22,7122,361891.68,51.25190322580645,47.31935483870968
2020-03-31,23,7369,403772.14,55.19806451612904,46.29354838709678
2020-03-31,24,7050,376873.17,53.55158064516129,44.86129032258064
2020-03-31,25,7383,374885.82,50.654322580645164,46.16451612903226
2020-03-31,26,7131,385385.59,53.881096774193544,45.6258064516129
2020-03-31,27,7325,392118.4,53.407580645161296,46.24516129032258
2020-03-31,28,7247,382767.38,52.559483870967746,47.829032258064515
2020-03-31,29,7269,371169.17,50.79870967741935,46.42258064516129
2020-03-31,30,7323,389430.42,53.71083870967742,46.73870967741935
2020-03-31,31,7317,381020.11,52.888451612903225,46.55483870967741
2020-03-31,32,7135,376024.08,53.32180645161291,43.93225806451613
2020-03-31,33,7180,377478.68,52.54680645161291,45.79677419354839
2020-03-31,34,7262,363031.95,49.75041935483871,45.44516129032258
2020-03-31,35,7237,387358.71,54.016580645161284,45.967741935483865
2020-03-31,36,7174,377663.31,52.847580645161294,47.30322580645161
2020-03-31,37,7314,382734.49,52.56674193548387,46.33870967741935
2020-03-31,38,7202,384843.4,53.3256129032258,45.71612903225806
2020-03-31,39,7222,376615.33,51.93029032258064,47.08064516129032
2020-03-31,40,7315,370951.14,50.41058064516129,47.561290322580646
2020-03-31,41,7325,394667.19,54.552,45.751612903225805
2020-03-31,42,7064,381428.14,53.612258064516126,45.729032258064514
2020-03-31,43,7127,351007.94,49.40716129032258,45.23225806451613
2020-03-31,44,7395,388406.01,52.36003225806452,46.593548387096774
2020-03-31,45,7252,384674.18,53.42819354838709,46.274193548387096
2020-03-31,46,7253,382190.73,52.416774193548385,47.0258064516129
2020-03-31,47,7456,414249.19,55.986451612903224,48.40322580645161
2020-03-31,48,7192,369947.03,51.86906451612903,45.40322580645161
2020-03-31,49,7433,389832.3,52.94022580645161,47.90322580645161
2020-03-31,50,7240,393591.33,53.84848387096774,46.274193548387096
2020-04-30,1,7287,382805.67,52.157066666666665,48.67
2020-04-30,2,7107,377303.34,53.42606666666667,45.00666666666667
2020-04-30,3,7240,384310.39,53.39283333333333,47.39666666666666
2020-04-30,4,7303,370277.56,51.31833333333333,47.46333333333333
2020-04-30,5,7187,398920.22,55.161433333333335,45.64666666666666
2020-04-30,6,7300,398991.02,54.645066666666665,44.513333333333335
2020-04-30,7,7166,371867.05,51.85119999999999,46.76
2020-04-30,8,7345,386378.1,52.05976666666667,46.71666666666666
2020-04-30,9,7221,380560.79,52.76263333333334,45.55333333333333
2020-04-30,10,7216,391541.58,54.051633333333335,46.709999999999994
2020-04-30,11,7305,364147.2,49.61083333333333,47.82666666666667
2020-04-30,12,7327,374568.55,51.056,44.916666666666664
2020-04-30,13,7174,376806.18,52.21136666666666,45.1
2020-04-30,14,7276,386946.67,53.43346666666666,46.776666666666664
2020-04-30,15,7079,360558.39,50.4611,47.43333333333333
2020-04-30,16,7205,376353.64,52.45533333333333,46.019999999999996
2020-04-30,17,7234,362509.95999999996,50.77916666666666,48.10666666666667
2020-04-30,18,7132,370042.33999999997,51.8886,46.403333333333336
2020-04-30,19,7307,377726.39,51.666933333333326,47.29666666666667
2020-04-30,20,7255,337786.22,47.03626666666666,46.663333333333334
2020-04-30,21,7298,375654.35000000003,51.39576666666667,48.7
2020-04-30,22,7228,347729.21,47.53536666666666,48.36666666666667
2020-04-30,23,7209,379682.83999999997,52.80963333333333,45.123333333333335
2020-04-30,24,7338,381856.87,53.31946666666666,47.20333333333333
2020-04-30,25,7244,387335.71,53.4481,47.67333333333333
2020-04-30,26,7246,386752.4,53.897066666666674,45.54666666666667
2020-04-30,27,7217,376110.87,52.4233,46.82333333333334
2020-04-30,28,7329,392022.96,53.5018,46.943333333333335
2020-04-30,29,7211,384660.6,53.29066666666667,46.376666666666665
2020-04-30,30,7082,372574.01,52.52833333333333,46.82333333333333
2020-04-30,31,7199,370972.43,51.9689,45.44
2020-04-30,32,7258,386708.13,52.83103333333334,48.053333333333335
2020-04-30,33,7022,358866.25,51.612766666666666,46.85333333333333
2020-04-30,34,7169,381501.29,53.04356666666666,45.22
2020-04-30,35,7030,362224.8,51.82273333333334,44.60333333333333
2020-04-30,36,7302,389428.94,53.0431,47.93666666666666
2020-04-30,37,7155,407994.55,57.075900000000004,46.90333333333333
2020-04-30,38,7267,367000.19,50.652633333333334,46.11
2020-04-30,39,7236,389586.04,54.501599999999996,46.33333333333333
2020-04-30,40,7154,374198.91,52.508966666666666,46.57
2020-04-30,41,7158,347169.82,48.724000000000004,45.989999999999995
2020-04-30,42,7249,381876.65,52.1808,46.72666666666667
2020-04-30,43,7215,382372.22000000003,52.5376,45.18666666666667
2020-04-30,44,7284,398472.13,54.5373,49.64666666666666
2020-04-30,45,7164,372590.58999999997,52.236866666666664,46.58333333333333
2020-04-30,46,7240,379325.65,52.0689,46.67666666666666
2020-04-30,47,7288,377914.52,51.52696666666667,47.35666666666667
2020-04-30,48,7257,384303.18,53.0776,46.019999999999996
2020-04-30,49,7279,386588.15,53.52796666666667,45.64666666666666
2020-04-30,50,7126,375168.1,52.46486666666667,47.04333333333334
2020-05-31,1,7313,379325.39999999997,52.093161290322584,46.983870967741936
2020-05-31,2,7377,395482.06,53.45312903225806,46.24193548387096
2020-05-31,3,7324,362998.88,50.06635483870968,46.777419354838706
2020-05-31,4,7111,375967.27,52.67003225806452,47.49677419354839
2020-05-31,5,7265,393893.03,53.81829032258065,46.62903225806451
2020-05-31,6,7207,379408.07,52.65025806451613,46.25483870967742
2020-05-31,7,7232,384598.85,53.05051612903226,46.39032258064516
2020-05-31,8,7335,403623.21,54.90516129032259,46.00645161290323
2020-05-31,9,7397,382589.04000000004,52.28103225806451,47.12903225806451
2020-05-31,10,7397,386850.01,52.560967741935485,46.851612903225806
2020-05-31,11,7304,389888.41,53.84854838709678,47.9
2020-05-31,12,7352,365024.33999999997,49.73332258064516,44.980645161290326
2020-05-31,13,7331,394865.13,53.611709677419356,46.03225806451613
2020-05-31,14,7412,386031.45,51.55993548387097,46.829032258064515
2020-05-31,15,7263,390531.8,53.75548387096774,46.8741935483871
2020-05-31,16,7109,375722.64,51.63725806451613,47.13548387096775
2020-05-31,17,7165,375356.99,52.77877419354839,46.03225806451613
2020-05-31,18,7295,384180.83,52.58816129032258,45.32258064516129
2020-05-31,19,7331,366602.43,49.83229032258065,46.73548387096774
2020-05-31,20,7215,362835.51,50.321322580645166,43.983870967741936
2020-05-31,21,7381,375160.55,51.02145161290322,46.30967741935484
2020-05-31,22,7378,403137.29000000004,54.56167741935484,47.435483870967744
2020-05-31,23,7232,379404.69,52.815,45.79677419354839
2020-05-31,24,7202,369829.21,51.583387096774196,45.193548387096776
2020-05-31,25,7261,374921.2,51.61870967741936,45.21935483870968
2020-05-31,26,7403,405143.48,54.65467741935483,44.60645161290323
2020-05-31,27,7339,393899.17,53.46754838709677,47.38709677419355
2020-05-31,28,7249,382404.53,53.1938064516129,45.016129032258064
2020-05-31,29,7252,384970.89,52.97941935483872,46.57741935483871
2020-05-31,30,7258,390774.29,54.38090322580645,46.348387096774196
2020-05-31,31,7113,375423.44,52.84745161290323,45.064516129032256
2020-05-31,32,7172,394161.85,54.22512903225807,43.40322580645161
2020-05-31,33,7331,384024.14,52.48958064516129,47.00967741935484
2020-05-31,34,7360,386428.46,52.50725806451612,45.91290322580645
2020-05-31,35,7395,388941.71,51.8705806451613,47.516129032258064
2020-05-31,36,7352,393454.27,53.52070967741936,46.26129032258065
2020-05-31,37,7261,366226.03,50.17883870967742,46.019354838709674
2020-05-31,38,7470,388734.54,51.49590322580646,47.75806451612903
2020-05-31,39,7294,389506.53,53.417903225806455,46.15806451612903
2020-05-31,40,7402,391506.87,52.104258064516124,46.47096774193548
2020-05-31,41,7383,390528.67,52.80625806451612,47.39032258064516
2020-05-31,42,7302,392380.49,53.802451612903226,47.00322580645161
2020-05-31,43,7280,398457.35,54.50258064516129,47.58709677419355
2020-05-31,44,7341,374867.24,51.355419354838716,46.43225806451613
2020-05-31,45,7361,396783.2,54.09874193548387,46.77096774193548
2020-05-31,46,7180,388161.84,53.60861290322581,45.822580645161295
2020-05-31,47,7393,378789.12,50.801967741935485,45.75806451612903
2020-05-31,48,7521,394876.27,52.27870967741935,44.990322580645156
2020-05-31,49,7332,385514.03,52.359645161290324,47.31612903225806
2020-05-31,50,7459,388502.28,52.34741935483871,46.16451612903226
2020-06-30,1,6711,340430.98,50.952466666666666,46.519999999999996
2020-06-30,2,6625,330094.77,49.2923,44.86666666666666
2020-06-30,3,6580,347901.17,52.837833333333336,44.64999999999999
2020-06-30,4,6621,341057.58,51.603566666666666,42.54333333333333
2020-06-30,5,6705,345139.25,51.929933333333324,45.55
2020-06-30,6,6697,346552.0,51.005633333333336,45.97666666666667
2020-06-30,7,6694,336994.8,50.222833333333334,45.03333333333333
2020-06-30,8,6584,337513.52999999997,51.07783333333333,45.339999999999996
2020-06-30,9,6707,356437.37,52.69453333333333,45.95
2020-06-30,10,6621,348730.33999999997,52.393033333333335,44.276666666666664
2020-06-30,11,6410,342789.79,53.183733333333336,43.379999999999995
2020-06-30,12,6571,354963.2,53.58123333333333,44.39
2020-06-30,13,6622,347833.23,52.41363333333334,45.02333333333333
2020-06-30,14,6400,346045.58,53.63093333333334,42.75333333333333
2020-06-30,15,6670,363198.57,54.65463333333334,44.913333333333334
2020-06-30,16,6618,332505.88,50.42353333333333,44.51
2020-06-30,17,6600,350705.08999999997,52.5101,42.75
2020-06-30,18,6622,360501.19,54.27759999999999,46.25666666666667
2020-06-30,19,6610,334282.3,51.126466666666666,45.20333333333333
2020-06-30,20,6616,361089.88,54.934266666666666,44.89666666666667
2020-06-30,21,6631,352790.6,53.69473333333333,45.586666666666666
2020-06-30,22,6560,332726.54000000004,50.9699,42.739999999999995
2020-06-30,23,6572,372813.52,56.6625,46.84666666666667
2020-06-30,24,6638,339800.13,51.03693333333333,45.1
2020-06-30,25,6692,334740.97,50.167699999999996,45.39333333333333
2020-06-30,26,6541,346074.42,53.055600000000005,44.973333333333336
2020-06-30,27,6680,354308.6,52.96613333333333,45.32333333333334
2020-06-30,28,6643,352274.78,53.29833333333333,46.25
2020-06-30,29,6633,348589.07,52.9191,44.83
2020-06-30,30,6669,333575.15,50.459666666666664,46.410000000000004
2020-06-30,31,6618,362172.98,54.72346666666666,45.489999999999995
2020-06-30,32,6689,343836.49,51.0709,44.07666666666667
2020-06-30,33,6553,338685.57,52.33943333333333,45.483333333333334
2020-06-30,34,6645,341861.16,51.99906666666667,44.276666666666664
2020-06-30,35,6486,326847.58999999997,50.85026666666666,44.17666666666666
2020-06-30,36,6613,342110.46,51.88956666666667,46.32
2020-06-30,37,6706,356272.8,53.08993333333333,45.64333333333333
2020-06-30,38,6669,363176.24,54.36696666666667,45.973333333333336
2020-06-30,39,6777,362509.85,54.05246666666667,45.91666666666667
2020-06-30,40,6833,352139.95,51.91173333333334,45.53
2020-06-30,41,6609,347014.78,52.28726666666667,44.90333333333333
2020-06-30,42,6555,343388.45,51.911500000000004,44.480000000000004
2020-06-30,43,6665,339028.81,50.736599999999996,46.306666666666665
2020-06-30,44,6647,357560.26,54.6348,44.04333333333334
2020-06-30,45,6698,363448.13,54.723299999999995,44.21666666666666
2020-06-30,46,6621,329879.17,50.866166666666665,45.08
2020-06-30,47,6710,379805.44,56.678999999999995,45.11666666666666
2020-06-30,48,6634,354207.94,53.40463333333334,44.026666666666664
2020-06-30,49,6615,346330.32,52.51686666666667,43.769999999999996
2020-06-30,50,6471,336743.8,51.92606666666667,45.53333333333333
2020-07-31,1,6046,312363.33,51.70196774193548,42.20967741935483
2020-07-31,2,6210,313127.12,50.50790322580646,41.667741935483875
2020-07-31,3,6023,329287.2,55.36212903225807,42.19032258064516
2020-07-31,4,6223,312416.92,50.05048387096774,43.18064516129032
2020-07-31,5,6256,346576.17,55.30429032258064,43.848387096774196
2020-07-31,6,6189,326256.18,52.9351935483871,42.983870967741936
2020-07-31,7,6164,307250.15,50.49477419354839,42.42903225806452
2020-07-31,8,6149,321482.59,52.47841935483871,42.63225806451613
2020-07-31,9,6182,323342.98,52.273161290322584,42.18064516129032
2020-07-31,10,6202,316479.11,51.45035483870968,43.329032258064515
2020-07-31,11,6087,319311.82,52.656967741935475,43.619354838709675
2020-07-31,12,6242,338624.56,54.487870967741934,42.564516129032256
2020-07-31,13,6146,311686.29,51.48603225806452,42.66451612903226
2020-07-31,14,6139,320239.65,51.86970967741936,42.79032258064516
2020-07-31,15,6113,321978.56,52.668580645161285,41.538709677419355
2020-07-31,16,6060,316653.69,52.4101935483871,43.03225806451613
2020-07-31,17,6096,319180.48,52.28154838709678,43.86774193548387
2020-07-31,18,6108,311262.61,50.76609677419355,42.97096774193548
2020-07-31,19,6010,330105.22,54.182419354838714,41.60645161290323
2020-07-31,20,6191,318207.04000000004,51.39090322580645,42.277419354838706
2020-07-31,21,6089,314710.82,51.768483870967735,44.25483870967742
2020-07-31,22,6170,333761.0,53.864387096774195,42.87096774193548
2020-07-31,23,6040,317301.92,51.912,42.11290322580645
2020-07-31,24,6126,314521.83,51.31351612903226,42.36451612903225
2020-07-31,25,6224,330074.19,52.971419354838716,43.31612903225806
2020-07-31,26,6110,333481.04,54.050870967741936,42.66451612903226
2020-07-31,27,6172,331590.53,53.520967741935486,41.70967741935484
2020-07-31,28,6235,317765.8,51.32483870967742,43.34516129032258
2020-07-31,29,6068,334648.88,54.807,42.196774193548386
2020-07-31,30,6125,315425.76,51.002870967741934,41.96774193548387
2020-07-31,31,6079,297393.83999999997,50.101677419354836,44.12903225806452
2020-07-31,32,6092,314336.11,51.30009677419355,43.1
2020-07-31,33,6165,336175.78,54.40354838709677,42.68387096774194
2020-07-31,34,6067,309300.86,51.582741935483874,43.63870967741936
2020-07-31,35,6140,331027.06,53.932580645161295,42.63548387096775
2020-07-31,36,6090,325373.08,53.6391935483871,41.43225806451613
2020-07-31,37,6109,302102.55,49.61390322580645,42.91612903225806
2020-07-31,38,6305,335798.94,52.93345161290323,42.9
2020-07-31,39,6052,322806.06,53.33048387096774,44.06774193548387
2020-07-31,40,6178,321913.96,52.46635483870968,41.63870967741936
2020-07-31,41,6211,339548.96,54.55009677419355,42.28709677419355
2020-07-31,42,6163,327443.37,52.59190322580645,43.12903225806451
2020-07-31,43,6076,332899.16000000003,54.735838709677424,41.41290322580645
2020-07-31,44,6233,328334.13,52.725,42.961290322580645
2020-07-31,45,6196,324987.86,52.718806451612906,42.674193548387095
2020-07-31,46,6104,327062.63,53.77738709677419,42.035483870967745
2020-07-31,47,6089,304973.9,49.581870967741935,43.35806451612903
2020-07-31,48,6023,312333.37,51.82838709677419,42.964516129032255
2020-07-31,49,6121,323046.06,53.348225806451616,41.89677419354839
2020-07-31,50,6068,311967.76,51.02493548387097,42.91290322580645
2020-08-31,1,5661,285594.68,50.57706451612903,39.36774193548387
2020-08-31,2,5699,305325.01,53.34145161290322,39.729032258064514
2020-08-31,3,5664,289720.93,50.66729032258065,39.487096774193546
2020-08-31,4,5696,298704.05,52.895161290322584,41.35806451612903
2020-08-31,5,5541,285957.85,51.192032258064515,40.383870967741935
2020-08-31,6,5484,291793.64999999997,53.608096774193555,39.987096774193546
2020-08-31,7,5642,311588.92,55.181096774193556,40.722580645161294
2020-08-31,8,5611,287075.37,51.03561290322581,40.990322580645156
2020-08-31,9,5497,283361.08999999997,51.504999999999995,41.80322580645161
2020-08-31,10,5561,282546.36,51.21406451612903,40.035483870967745
2020-08-31,11,5549,283906.75,51.32277419354839,40.19032258064516
2020-08-31,12,5778,308460.0,53.331806451612906,41.70645161290322
2020-08-31,13,5549,286164.04,51.702354838709674,40.99354838709677
2020-08-31,14,5694,309669.33,54.67174193548387,42.65483870967742
2020-08-31,15,5595,299106.15,53.37558064516129,40.380645161290325
2020-08-31,16,5610,290164.22,51.55270967741935,41.79354838709678
2020-08-31,17,5599,280467.72,50.570129032258066,39.45161290322581
2020-08-31,18,5654,311198.78,55.17658064516129,41.487096774193546
2020-08-31,19,5749,303802.19,53.06,41.935483870967744
2020-08-31,20,5468,275674.1,50.70706451612903,39.825806451612905
2020-08-31,21,5607,308065.33,55.17677419354838,41.354838709677416
2020-08-31,22,5541,298954.8,54.17461290322581,40.509677419354844
2020-08-31,23,5649,294369.18,52.03622580645161,39.86774193548387
2020-08-31,24,5562,304046.39,55.250903225806454,40.883870967741935
2020-08-31,25,5780,315860.57,54.38641935483871,39.980645161290326
2020-08-31,26,5629,289429.23,51.51516129032258,41.71935483870968
2020-08-31,27,5628,298032.05,52.93625806451613,40.30322580645161
2020-08-31,28,5770,292098.36,50.733387096774194,41.222580645161294
2020-08-31,29,5539,289376.04,52.350096774193545,39.80967741935484
2020-08-31,30,5717,294204.24,51.73809677419355,41.59677419354839
2020-08-31,31,5503,270463.99,49.09374193548387,40.39677419354839
2020-08-31,32,5478,284391.08,52.287290322580645,38.935483870967744
2020-08-31,33,5637,301892.27999999997,53.32941935483872,39.93548387096774
2020-08-31,34,5516,304120.56,54.64929032258065,40.58387096774193
2020-08-31,35,5604,288485.6,51.36464516129032,41.18387096774193
2020-08-31,36,5671,300085.88,52.383645161290325,40.79677419354839
2020-08-31,37,5551,293233.32,53.02441935483871,41.70322580645161
2020-08-31,38,5518,293527.32,53.76283870967742,40.5741935483871
2020-08-31,39,5620,308482.64,54.25745161290323,40.79032258064516
2020-08-31,40,5697,293949.75,51.44687096774194,41.15806451612903
2020-08-31,41,5519,271860.45,49.136,39.964516129032255
2020-08-31,42,5565,289275.81,52.031967741935475,41.332258064516125
2020-08-31,43,5647,305325.31,54.45761290322581,40.619354838709675
2020-08-31,44,5582,297502.59,53.35796774193549,41.28064516129032
2020-08-31,45,5569,292999.21,53.07867741935483,41.777419354838706
2020-08-31,46,5555,275574.46,49.854225806451616,41.009677419354844
2020-08-31,47,5634,279037.25,48.97577419354839,41.70967741935483
2020-08-31,48,5566,304148.76,54.20922580645161,40.58387096774193
2020-08-31,49,5697,301088.24,52.41483870967742,40.74193548387097
2020-08-31,50,5618,306835.29000000004,54.44558064516129,40.28709677419355
2020-09-30,1,4943,268582.83999999997,54.775999999999996,38.99333333333333
2020-09-30,2,4957,255992.54,51.82176666666667,36.96
2020-09-30,3,4923,258082.57,52.46383333333333,38.15
2020-09-30,4,4819,249705.6,51.53496666666666,37.019999999999996
2020-09-30,5,5009,265610.52,52.7127,40.010000000000005
2020-09-30,6,4944,262754.49,53.268566666666665,40.67
2020-09-30,7,4921,253931.71,51.764633333333336,38.836666666666666
2020-09-30,8,4881,264624.83999999997,53.81683333333333,39.38333333333333
2020-09-30,9,5093,258440.01,51.0745,41.14333333333333
2020-09-30,10,5013,271697.35,53.71116666666667,39.08333333333333
2020-09-30,11,4905,251853.6,50.73786666666667,38.85
2020-09-30,12,4912,254227.71,51.562,39.92
2020-09-30,13,4958,251651.46,50.60033333333333,38.99666666666666
2020-09-30,14,5005,265072.46,52.553200000000004,38.88666666666667
2020-09-30,15,4813,237161.46,49.42403333333333,37.17333333333333
2020-09-30,16,4955,280615.84,56.0409,39.10666666666667
2020-09-30,17,4884,255176.76,51.893966666666664,38.806666666666665
2020-09-30,18,4945,267557.13,53.6121,37.79
2020-09-30,19,5044,270198.2,53.03183333333334,38.61
2020-09-30,20,5036,260140.8,51.62453333333333,38.806666666666665
2020-09-30,21,4855,249524.96,51.31746666666667,39.92
2020-09-30,22,4931,258078.81,52.53463333333333,38.27333333333333
2020-09-30,23,5028,258500.93,50.89256666666667,38.586666666666666
2020-09-30,24,4957,244084.63,49.462466666666664,40.25333333333333
2020-09-30,25,5018,258158.29,51.342999999999996,40.123333333333335
2020-09-30,26,4999,261890.03,52.36123333333334,38.60333333333333
2020-09-30,27,4890,271376.71,55.841899999999995,38.88333333333333
2020-09-30,28,4819,260048.61,53.892766666666674,39.019999999999996
2020-09-30,29,4974,266427.61,53.68663333333334,39.5
2020-09-30,30,5034,270046.13,52.69733333333333,38.906666666666666
2020-09-30,31,4883,254756.18,52.0684,41.54
2020-09-30,32,4971,253006.79,51.248333333333335,39.64333333333333
2020-09-30,33,4938,258516.46,51.9346,38.623333333333335
2020-09-30,34,5001,271568.19,54.99316666666666,39.730000000000004
2020-09-30,35,4888,260080.13,53.74846666666667,39.78666666666667
2020-09-30,36,5093,264518.82,52.397333333333336,40.36666666666666
2020-09-30,37,4974,260567.34,53.01293333333333,38.693333333333335
2020-09-30,38,4942,268548.02,54.46163333333334,38.76
2020-09-30,39,4998,279199.16000000003,54.9569,38.806666666666665
2020-09-30,40,4964,267675.71,54.47866666666666,39.24666666666666
2020-09-30,41,4842,248054.26,51.6225,39.5
2020-09-30,42,4972,266966.57,54.7078,37.83
2020-09-30,43,4948,255125.72,51.09236666666667,38.876666666666665
2020-09-30,44,5042,280571.34,56.0422,38.556666666666665
2020-09-30,45,4882,253184.06,52.113366666666664,40.013333333333335
2020-09-30,46,4967,269995.75,54.568533333333335,39.7
2020-09-30,47,4957,257428.23,52.0764,39.82
2020-09-30,48,4939,259705.23,52.7298,38.31333333333333
2020-09-30,49,4994,254198.28,50.658833333333334,40.35333333333333
2020-09-30,50,4980,246638.74,50.111133333333335,40.013333333333335
2020-10-31,1,5077,261318.91999999998,51.2664193548387,39.670967741935485
2020-10-31,2,5046,268118.68,52.28625806451613,39.68064516129032
2020-10-31,3,4935,257369.47,52.00158064516129,38.78709677419355
2020-10-31,4,4981,273456.72,54.114064516129034,39.15483870967742
2020-10-31,5,4983,252174.56,50.768032258064515,37.66129032258065
2020-10-31,6,4813,249523.51,51.043225806451616,38.66129032258065
2020-10-31,7,5031,251593.83,50.58512903225807,38.15806451612903
2020-10-31,8,4983,267056.25,54.12109677419355,38.08709677419355
2020-10-31,9,4962,263127.68,52.16883870967742,38.677419354838705
2020-10-31,10,5061,266703.93,52.623290322580644,38.56774193548387
2020-10-31,11,5039,256260.85,50.66658064516129,39.20322580645161
2020-10-31,12,5136,252083.21,49.017967741935486,39.487096774193546
2020-10-31,13,4931,263582.1,52.32529032258064,39.909677419354836
2020-10-31,14,4856,237049.45,48.86854838709677,38.903225806451616
2020-10-31,15,5007,256062.85,51.141290322580645,40.348387096774196
2020-10-31,16,4903,260492.17,53.62796774193548,37.60967741935484
2020-10-31,17,4962,258225.73,52.690612903225805,39.690322580645166
2020-10-31,18,4909,254692.59,51.65448387096774,38.13548387096775
2020-10-31,19,4859,250188.01,51.72061290322581,38.29677419354839
2020-10-31,20,5005,259236.16999999998,52.055741935483866,38.535483870967745
2020-10-31,21,4899,242358.22999999998,49.22367741935484,38.81935483870968
2020-10-31,22,4974,261325.51,52.794000000000004,37.774193548387096
2020-10-31,23,4963,253047.96,51.645258064516135,38.81612903225806
2020-10-31,24,4892,254916.11,52.645,40.10967741935484
2020-10-31,25,4990,245499.12,49.52296774193549,39.096774193548384
2020-10-31,26,4892,253706.74,52.59596774193549,38.86129032258064
2020-10-31,27,5012,269243.67,53.19416129032258,39.29677419354839
2020-10-31,28,5053,248567.38,49.47532258064516,37.93225806451613
2020-10-31,29,4984,245310.86000000002,49.24945161290323,38.58709677419355
2020-10-31,30,4958,260333.18,52.476193548387094,38.480645161290326
2020-10-31,31,5027,251500.04,50.523645161290325,39.851612903225806
2020-10-31,32,4912,256441.22,51.70619354838709,38.81935483870968
2020-10-31,33,4926,255826.0,52.239387096774195,39.9
2020-10-31,34,4977,274602.52,54.511322580645164,38.064516129032256
2020-10-31,35,5038,273137.28,54.64006451612903,40.08387096774193
2020-10-31,36,5022,266840.77999999997,52.85338709677419,39.8741935483871
2020-10-31,37,4947,264314.61,52.94574193548387,38.84193548387096
2020-10-31,38,5003,264079.0,52.48270967741936,40.55483870967742
2020-10-31,39,4854,255649.57,52.395258064516135,38.09032258064516
2020-10-31,40,4908,252638.43,52.09877419354839,38.78064516129032
2020-10-31,41,4980,257400.42,51.53687096774193,39.30322580645161
2020-10-31,42,4903,268570.51,54.86212903225807,37.73870967741935
2020-10-31,43,4960,261023.71,53.284064516129035,37.983870967741936
2020-10-31,44,4942,247757.32,49.76851612903226,39.04516129032258
2020-10-31,45,4998,278783.26,54.76570967741935,39.13225806451613
2020-10-31,46,5008,259711.88999999998,52.37045161290323,38.351612903225806
2020-10-31,47,4885,256266.7,52.66148387096774,39.95483870967742
2020-10-31,48,4911,256418.14,52.46035483870968,38.57096774193548
2020-10-31,49,5052,255027.71,51.28851612903226,37.70322580645161
2020-10-31,50,5040,270498.1,53.70725806451613,39.406451612903226
2020-11-30,1,5125,260610.27000000002,50.7251,40.21333333333333
2020-11-30,2,5008,264907.62,52.68783333333333,38.63666666666667
2020-11-30,3,4951,266232.71,53.763333333333335,39.46333333333333
2020-11-30,4,5006,269383.24,53.85256666666667,38.81666666666666
2020-11-30,5,4943,267467.81,54.4173,38.07666666666667
2020-11-30,6,5008,262082.61000000002,52.555566666666664,39.9
2020-11-30,7,5027,283938.32,56.347833333333334,39.11666666666667
2020-11-30,8,5024,264327.23,52.74589999999999,40.61
2020-11-30,9,5017,254621.06,50.95843333333333,41.55333333333333
2020-11-30,10,4947,259995.82,52.601099999999995,39.379999999999995
2020-11-30,11,4894,265609.43,53.70813333333333,39.666666666666664
2020-11-30,12,4924,259110.26,52.452533333333335,37.43666666666667
2020-11-30,13,4898,257975.87,52.439733333333336,40.483333333333334
2020-11-30,14,4921,254442.05,51.182,39.510000000000005
2020-11-30,15,4847,254897.69,52.73506666666667,38.64333333333333
2020-11-30,16,4873,251305.45,52.14903333333333,39.373333333333335
2020-11-30,17,4991,244451.47,49.69883333333333,39.95
2020-11-30,18,4888,264421.86,54.51623333333333,37.736666666666665
2020-11-30,19,4885,259353.38999999998,53.43476666666667,40.43
2020-11-30,20,4981,268851.29,54.295899999999996,39.54
2020-11-30,21,4883,248004.43,51.246399999999994,39.7
2020-11-30,22,5033,279853.08,55.65293333333334,39.17333333333333
2020-11-30,23,4881,246481.28,50.71686666666666,39.739999999999995
2020-11-30,24,4970,255888.86,51.47246666666666,39.53666666666667
2020-11-30,25,4995,273577.52,54.93416666666667,38.49333333333333
2020-11-30,26,4948,266901.75,53.5481,38.836666666666666
2020-11-30,27,5031,276851.3,55.017133333333334,38.346666666666664
2020-11-30,28,4908,266103.36,54.5791,38.45
2020-11-30,29,4975,259169.56,52.060900000000004,40.36666666666666
2020-11-30,30,4939,256582.48,51.51926666666667,39.35666666666667
2020-11-30,31,4838,258349.82,53.684466666666665,39.089999999999996
2020-11-30,32,4969,242081.78,49.3594,39.946666666666665
2020-11-30,33,4980,270436.69,54.28023333333333,38.89666666666667
2020-11-30,34,4990,266016.86,53.79183333333333,39.99666666666667
2020-11-30,35,4994,268115.69,54.208299999999994,38.78
2020-11-30,36,4955,257172.64,51.5138,39.57666666666667
2020-11-30,37,5020,265584.2,52.6077,40.06333333333333
2020-11-30,38,4985,259032.91,52.416466666666665,37.82
2020-11-30,39,4975,251732.98,50.5665,40.64333333333333
2020-11-30,40,4988,260923.72999999998,52.74293333333334,38.446666666666665
2020-11-30,41,4949,266508.22,54.375366666666665,38.91666666666667
2020-11-30,42,5004,263870.84,52.412,39.79
2020-11-30,43,4930,267302.79,53.788599999999995,37.25666666666667
2020-11-30,44,4963,258503.18,52.22396666666666,37.626666666666665
2020-11-30,45,4935,263499.54,53.22736666666667,39.54666666666667
2020-11-30,46,4910,254180.27,51.83076666666667,39.763333333333335
2020-11-30,47,4967,268193.5,53.42936666666667,40.83333333333333
2020-11-30,48,5023,261889.41,51.971399999999996,38.61
2020-11-30,49,4911,255063.29,51.643366666666665,39.89
2020-11-30,50,5067,265625.2,52.73969999999999,39.81333333333333
2020-12-31,1,5544,288432.04,53.13248387096775,39.77096774193548
2020-12-31,2,5673,296296.05,52.15554838709677,41.62903225806451
2020-12-31,3,5561,292238.43,52.16787096774194,40.47741935483871
2020-12-31,4,5630,297232.1,52.16151612903226,39.748387096774195
2020-12-31,5,5587,285340.89,50.891451612903225,41.519354838709674
2020-12-31,6,5562,282193.18,50.88416129032258,39.49354838709677
2020-12-31,7,5461,285703.02,52.42677419354838,40.25806451612903
2020-12-31,8,5511,305375.61,55.03793548387097,42.18709677419355
2020-12-31,9,5675,286452.26,50.67135483870968,39.541935483870965
2020-12-31,10,5591,289818.85,51.224806451612906,40.490322580645156
2020-12-31,11,5576,289617.12,52.00512903225806,41.02903225806452
2020-12-31,12,5552,297292.3,53.90506451612904,41.093548387096774
2020-12-31,13,5596,289739.23,51.49451612903226,39.777419354838706
2020-12-31,14,5621,294407.89,52.78341935483871,41.20645161290322
2020-12-31,15,5462,296012.15,54.70951612903226,39.74516129032258
2020-12-31,16,5568,299302.46,53.19238709677419,41.49354838709677
2020-12-31,17,5474,288378.66,52.467838709677416,40.84193548387097
2020-12-31,18,5497,296750.98,54.1591935483871,41.941935483870964
2020-12-31,19,5547,292376.64,52.46458064516129,42.332258064516125
2020-12-31,20,5537,288492.47,51.932709677419346,40.33548387096774
2020-12-31,21,5568,295167.64,52.84032258064516,42.89032258064516
2020-12-31,22,5494,289131.54,52.80064516129032,40.50322580645161
2020-12-31,23,5706,314026.04000000004,54.62522580645161,38.961290322580645
2020-12-31,24,5531,295781.87,53.91141935483871,40.31935483870968
2020-12-31,25,5651,299143.91,53.14603225806452,40.596774193548384
2020-12-31,26,5548,297471.14,52.750129032258066,41.04838709677419
2020-12-31,27,5654,294865.67,51.85383870967742,42.5741935483871
2020-12-31,28,5613,320251.92,56.67648387096774,40.29677419354839
2020-12-31,29,5597,306836.03,54.528,41.983870967741936
2020-12-31,30,5754,304447.98,53.17083870967741,41.16129032258065
2020-12-31,31,5546,284169.62,51.33293548387097,39.18709677419355
2020-12-31,32,5681,311266.0,55.48064516129032,41.60967741935484
2020-12-31,33,5584,277083.18,50.013838709677415,38.906451612903226
2020-12-31,34,5566,290290.66,52.83261290322581,39.87096774193548
2020-12-31,35,5522,305584.04,55.334322580645164,40.980645161290326
2020-12-31,36,5561,296919.26,53.36596774193548,40.335483870967735
2020-12-31,37,5580,307254.07,55.002322580645156,40.16451612903226
2020-12-31,38,5535,274701.75,50.279322580645164,39.91935483870968
2020-12-31,39,5530,277355.68,50.15729032258064,38.441935483870964
2020-12-31,40,5586,302989.88,54.14054838709677,39.76451612903226
2020-12-31,41,5535,284570.98,51.76719354838709,40.31935483870968
2020-12-31,42,5734,310275.06,53.895806451612906,41.91612903225806
2020-12-31,43,5592,286425.08,50.46896774193549,40.061290322580646
2020-12-31,44,5667,293992.93,51.764774193548384,39.961290322580645
2020-12-31,45,5586,297054.33,52.96222580645161,40.99354838709677
2020-12-31,46,5595,302916.15,54.49732258064516,40.44516129032258
2020-12-31,47,5634,298869.93,52.99632258064516,41.438709677419354
2020-12-31,48,5699,312020.77,54.27270967741936,42.20645161290322
2020-12-31,49,5679,313759.2,54.61377419354839,40.58709677419355
2020-12-31,50,5603,281178.11,49.506903225806454,39.70645161290322
2021-01-31,1,6171,310714.34,50.639967741935486,40.4258064516129
2021-01-31,2,6116,314367.33,51.13603225806452,43.52903225806452
2021-01-31,3,6200,310091.74,50.066903225806456,42.13548387096775
2021-01-31,4,6249,339175.05,54.164967741935484,44.70645161290322
2021-01-31,5,6296,325124.05,52.103096774193546,41.38709677419355
2021-01-31,6,6174,324844.36,52.61425806451613,42.4258064516129
2021-01-31,7,6085,324236.22,53.24309677419355,42.225806451612904
2021-01-31,8,6431,344517.63,54.23896774193548,44.883870967741935
2021-01-31,9,6141,335238.86,54.068870967741944,43.50645161290323
2021-01-31,10,6212,330266.82,53.668645161290314,43.92258064516129
2021-01-31,11,6244,333734.71,54.26932258064517,43.3
2021-01-31,12,6231,316924.32,51.11403225806451,42.76774193548387
2021-01-31,13,6121,319161.83,52.522387096774196,42.22258064516129
2021-01-31,14,6068,308891.49,50.57235483870967,43.19032258064516
2021-01-31,15,6063,297388.86,48.85045161290323,41.07096774193548
2021-01-31,16,6172,313534.99,50.879129032258064,42.36774193548387
2021-01-31,17,6257,325356.43,52.35164516129032,44.31935483870968
2021-01-31,18,6290,339455.94,53.7518064516129,43.519354838709674
2021-01-31,19,6368,325019.71,51.19474193548387,43.79354838709678
2021-01-31,20,6200,332271.04,53.662516129032255,43.30967741935484
2021-01-31,21,6211,330225.79,53.33703225806452,43.05483870967742
2021-01-31,22,6179,337328.34,54.275064516129035,41.777419354838706
2021-01-31,23,6274,347725.4,54.99038709677419,42.08709677419355
2021-01-31,24,6237,327407.43,52.244612903225814,43.73225806451613
2021-01-31,25,6291,308409.67,48.73009677419355,45.23548387096774
2021-01-31,26,6278,330847.57,52.50948387096774,40.480645161290326
2021-01-31,27,6159,323438.66,51.82425806451613,42.97741935483871
2021-01-31,28,6278,339508.83,54.639870967741935,41.97741935483871
2021-01-31,29,6261,329674.83,52.932,43.65483870967741
2021-01-31,30,6198,341241.37,55.57222580645161,42.20322580645161
2021-01-31,31,6188,340202.9,54.84645161290323,43.45483870967742
2021-01-31,32,6195,320865.84,51.97167741935484,42.806451612903224
2021-01-31,33,6269,310918.57,49.733548387096775,44.1258064516129
2021-01-31,34,6254,322051.91000000003,52.097032258064516,41.61290322580645
2021-01-31,35,6289,340077.45999999996,54.064096774193544,42.335483870967735
2021-01-31,36,6271,325247.88,51.38141935483871,42.63870967741936
2021-01-31,37,6135,335272.66,54.250516129032256,41.5
2021-01-31,38,6266,322718.32,51.544322580645165,43.329032258064515
2021-01-31,39,6364,317052.69,50.14793548387097,42.40322580645161
2021-01-31,40,6202,335505.29,52.96858064516128,43.35483870967742
2021-01-31,41,6354,327222.18,51.513774193548386,42.538709677419355
2021-01-31,42,6280,326095.73,52.15683870967742,41.57096774193549
2021-01-31,43,6121,324639.89,53.491903225806446,43.14193548387097
2021-01-31,44,6216,332116.12,53.92738709677419,43.97741935483871
2021-01-31,45,6218,320410.9,51.57129032258065,42.74516129032258
2021-01-31,46,6250,329714.01,52.21290322580645,42.50967741935484
2021-01-31,47,6391,348759.02999999997,54.979258064516124,44.306451612903224
2021-01-31,48,6368,318237.93,49.66896774193548,43.93225806451613
2021-01-31,49,6284,336736.32,53.71783870967742,41.85483870967742
2021-01-31,50,6370,340444.9,53.34022580645161,43.87741935483871
2021-02-28,1,6259,337465.84,53.587714285714284,45.81428571428572
2021-02-28,2,6209,322603.15,52.20910714285715,43.00714285714285
2021-02-28,3,6225,335048.70999999996,54.135035714285706,43.81428571428572
2021-02-28,4,6048,313985.52,51.601107142857146,43.99285714285715
2021-02-28,5,6166,314200.02,51.67689285714285,44.760714285714286
2021-02-28,6,6359,330858.19,52.127178571428566,45.74642857142857
2021-02-28,7,6223,310751.08,50.01585714285714,44.94285714285714
2021-02-28,8,6104,313111.6,51.58832142857143,44.47142857142857
2021-02-28,9,6106,320981.97,52.13867857142857,44.23571428571429
2021-02-28,10,6204,328111.32,53.007285714285715,44.51428571428572
2021-02-28,11,6260,342328.47,54.73828571428571,43.59285714285714
2021-02-28,12,6236,330677.0,53.32996428571429,44.53214285714286
2021-02-28,13,6183,336528.02,54.95649999999999,45.47857142857143
2021-02-28,14,6074,306574.81,50.28228571428571,42.93214285714286
2021-02-28,15,6124,318909.08999999997,52.287571428571425,45.2
2021-02-28,16,6265,301826.33,48.9215,43.975
2021-02-28,17,6101,318584.02,51.966678571428574,43.864285714285714
2021-02-28,18,6123,335023.82,55.38392857142858,44.621428571428574
2021-02-28,19,6190,314928.43,50.80771428571428,45.64642857142857
2021-02-28,20,6229,322461.25,51.61192857142858,45.58571428571429
2021-02-28,21,6106,315492.73,52.140928571428574,44.26428571428572
2021-02-28,22,6262,332421.20999999996,52.84464285714286,45.167857142857144
2021-02-28,23,6119,305511.93,50.29689285714286,43.885714285714286
2021-02-28,24,6226,327847.64,52.571892857142856,43.74285714285715
2021-02-28,25,6186,311688.41000000003,50.73875,43.739285714285714
2021-02-28,26,6064,302025.29,50.260107142857144,44.56071428571428
2021-02-28,27,6235,320464.74,51.42778571428571,42.90714285714286
2021-02-28,28,6206,334502.53,54.21689285714285,44.260714285714286
2021-02-28,29,6151,329958.5,53.980107142857136,45.68571428571429
2021-02-28,30,6294,326200.54,52.05742857142857,44.96071428571428
2021-02-28,31,6131,343475.28,55.99617857142857,45.49285714285715
2021-02-28,32,6300,318243.92,50.833,44.34285714285714
2021-02-28,33,6152,327344.02,52.815357142857145,44.06071428571429
2021-02-28,34,6159,321938.3,52.31160714285714,43.92142857142857
2021-02-28,35,6209,324392.81,52.53832142857143,46.33571428571428
2021-02-28,36,6263,328821.91000000003,52.62714285714286,44.04642857142857
2021-02-28,37,6212,323746.2,52.30585714285714,43.996428571428574
2021-02-28,38,6163,341233.7,55.35721428571428,45.489285714285714
2021-02-28,39,6257,342674.03,54.330821428571426,42.892857142857146
2021-02-28,40,6206,334659.37,53.44775,46.417857142857144
2021-02-28,41,6133,323468.39,52.59585714285714,46.35357142857143
2021-02-28,42,6173,330927.22,53.11378571428571,45.871428571428574
2021-02-28,43,6203,336488.33999999997,54.49053571428571,44.425
2021-02-28,44,6187,320911.89,51.88117857142858,45.0
2021-02-28,45,6267,324679.67000000004,51.491392857142856,46.45357142857143
2021-02-28,46,6027,295399.41000000003,49.486607142857146,42.825
2021-02-28,47,6207,335307.91000000003,54.15328571428571,45.18928571428571
2021-02-28,48,6193,342018.56,54.87135714285714,43.81428571428572
2021-02-28,49,6367,338087.75,53.55232142857143,45.453571428571436
2021-02-28,50,6247,339918.03,54.17235714285714,43.517857142857146
2021-03-31,1,7412,385869.46,52.21141935483871,46.86451612903225
2021-03-31,2,7324,369663.39,51.05945161290323,45.806451612903224
2021-03-31,3,7179,383192.73,53.032580645161296,45.44193548387097
2021-03-31,4,7329,401626.5,54.38629032258065,45.651612903225804
2021-03-31,5,7238,386876.07,53.16003225806452,45.674193548387095
2021-03-31,6,7421,389477.72000000003,52.61074193548387,48.11612903225806
2021-03-31,7,7376,397152.63,53.577290322580644,47.564516129032256
2021-03-31,8,7240,384208.21,52.97087096774194,44.990322580645156
2021-03-31,9,7469,393719.31,52.75748387096775,47.91290322580645
2021-03-31,10,7392,382897.62,51.54119354838709,46.95806451612903
2021-03-31,11,7283,387067.89,53.39461290322581,46.829032258064515
2021-03-31,12,7402,376705.52,50.72287096774194,45.87096774193548
2021-03-31,13,7245,402411.4,55.65338709677419,47.20967741935484
2021-03-31,14,7346,380334.58,51.632548387096776,45.31935483870968
2021-03-31,15,7480,396521.53,52.588193548387096,47.91935483870968
2021-03-31,16,7365,381338.23,51.94167741935483,46.325806451612905
2021-03-31,17,7478,395911.71,52.78958064516129,47.78387096774193
2021-03-31,18,7278,386871.85,53.50174193548387,45.33548387096774
2021-03-31,19,7520,380156.84,50.03022580645161,47.71290322580645
2021-03-31,20,7334,394205.49,53.555064516129036,45.6258064516129
2021-03-31,21,7393,384875.02,51.99545161290323,45.64516129032258
2021-03-31,22,7233,366118.66000000003,50.391387096774196,47.061290322580646
2021-03-31,23,7467,368348.5,49.78525806451613,44.516129032258064
2021-03-31,24,7345,393114.45,53.35512903225807,45.751612903225805
2021-03-31,25,7354,381116.16,52.14496774193549,46.10967741935484
2021-03-31,26,7379,377218.67000000004,51.49167741935484,47.14193548387097
2021-03-31,27,7353,395639.45,53.790419354838704,45.593548387096774
2021-03-31,28,7180,376502.29000000004,53.131903225806454,46.79677419354839
2021-03-31,29,7383,382518.08,51.572,45.435483870967744
2021-03-31,30,7244,381135.77999999997,52.35322580645161,46.4741935483871
2021-03-31,31,7220,393810.24,54.268806451612896,46.2
2021-03-31,32,7286,391033.88,53.873774193548385,45.66451612903226
2021-03-31,33,7247,375244.32,51.104064516129036,45.41290322580645
2021-03-31,34,7341,372695.56,50.740322580645156,45.151612903225804
2021-03-31,35,7269,394842.4,54.10051612903226,46.05483870967742
2021-03-31,36,7129,376575.85,53.11293548387097,45.119354838709675
2021-03-31,37,7442,397518.49,53.39787096774194,44.348387096774196
2021-03-31,38,7337,393584.15,53.62445161290323,46.08709677419355
2021-03-31,39,7264,374377.81,51.77187096774194,45.36129032258064
2021-03-31,40,7534,404025.45,53.64783870967742,45.722580645161294
2021-03-31,41,7388,398359.71,54.00970967741936,46.519354838709674
2021-03-31,42,7252,410744.71,56.79467741935484,45.938709677419354
2021-03-31,43,7378,390402.25,53.059000000000005,45.73225806451613
2021-03-31,44,7379,399303.93,54.63932258064516,47.119354838709675
2021-03-31,45,7235,377617.58,51.961451612903225,46.28064516129032
2021-03-31,46,7265,390986.1,53.85345161290322,45.170967741935485
2021-03-31,47,7299,388085.18,53.23032258064516,46.254838709677415
2021-03-31,48,7372,390219.55,53.23164516129033,45.04516129032258
2021-03-31,49,7325,385604.94,52.81619354838709,45.85483870967742
2021-03-31,50,7234,402930.36,55.91416129032258,44.35806451612903
2021-04-30,1,7290,366331.13,50.950266666666664,46.85333333333333
2021-04-30,2,7117,396117.0,54.704566666666665,46.763333333333335
2021-04-30,3,7131,388741.33999999997,53.599599999999995,46.33333333333333
2021-04-30,4,7232,381987.23,52.587533333333326,46.776666666666664
2021-04-30,5,7140,392327.48,54.300133333333335,45.276666666666664
2021-04-30,6,7344,359997.58,48.8528,47.769999999999996
2021-04-30,7,7254,410381.64,56.61053333333333,46.28
2021-04-30,8,7185,375860.19,52.165733333333336,45.739999999999995
2021-04-30,9,7164,381590.85,53.189099999999996,46.93333333333334
2021-04-30,10,7239,364591.45,50.03203333333333,47.90333333333333
2021-04-30,11,7152,383441.93,53.78426666666667,48.28666666666666
2021-04-30,12,7117,385037.55,54.21443333333333,46.276666666666664
2021-04-30,13,7353,369735.97000000003,50.263,47.14333333333333
2021-04-30,14,7274,407796.12,55.89566666666667,46.660000000000004
2021-04-30,15,7153,366635.17,50.78566666666667,46.483333333333334
2021-04-30,16,7254,365990.21,50.7662,45.989999999999995
2021-04-30,17,7174,382757.54,52.783699999999996,45.376666666666665
2021-04-30,18,7238,381652.2,52.82803333333334,46.31333333333333
2021-04-30,19,7213,387877.58999999997,53.52446666666667,47.589999999999996
2021-04-30,20,7123,364251.32,51.65566666666666,46.83333333333333
2021-04-30,21,7198,389217.03,53.939800000000005,46.06333333333333
2021-04-30,22,7039,363311.67,51.882000000000005,45.03
2021-04-30,23,7128,381520.45,53.81186666666666,45.65333333333333
2021-04-30,24,7316,395104.08,54.53843333333333,47.67999999999999
2021-04-30,25,7302,382374.11,51.927866666666674,46.81333333333333
2021-04-30,26,7163,371854.88,51.8251,47.11333333333333
2021-04-30,27,7313,384508.33,51.84596666666666,47.95333333333333
2021-04-30,28,7218,379165.04000000004,52.878499999999995,47.93333333333333
2021-04-30,29,7162,390384.27,54.12806666666667,47.986666666666665
2021-04-30,30,7214,382963.36,53.19226666666667,47.06333333333333
2021-04-30,31,7226,374782.12,52.27513333333333,47.92333333333333
2021-04-30,32,7165,393412.96,54.67569999999999,46.86333333333333
2021-04-30,33,7159,385310.11,52.9593,45.53
2021-04-30,34,7261,394039.66,54.31,47.03333333333334
2021-04-30,35,7264,380789.23,52.662699999999994,48.03666666666667
2021-04-30,36,7250,378043.97,52.00713333333333,46.08333333333333
2021-04-30,37,7202,360512.21,49.521566666666665,46.28
2021-04-30,38,7212,380245.48,52.90736666666667,48.403333333333336
2021-04-30,39,7070,378394.42000000004,53.085233333333335,47.03666666666667
2021-04-30,40,7183,381624.94,52.743566666666666,45.68666666666667
2021-04-30,41,7149,350632.36,49.741233333333334,47.36333333333333
2021-04-30,42,7323,362082.93,49.43463333333334,47.86333333333333
2021-04-30,43,7259,360800.95,49.9563,46.25333333333334
2021-04-30,44,7304,393390.07,53.2456,46.22333333333333
2021-04-30,45,7199,368493.46,50.84236666666666,46.29666666666667
2021-04-30,46,7113,389716.44,54.28476666666667,45.42333333333333
2021-04-30,47,7219,381808.76,52.5788,46.730000000000004
2021-04-30,48,7181,394813.58,54.51913333333333,46.906666666666666
2021-04-30,49,7237,395572.05,54.69186666666667,48.13333333333334
2021-04-30,50,7171,371707.81,51.36586666666667,46.70333333333333
2021-05-31,1,7112,372195.4,52.19064516129032,45.20322580645161
2021-05-31,2,7109,375938.17,53.234903225806455,46.70967741935484
2021-05-31,3,7310,405061.22,55.282419354838716,46.87096774193548
2021-05-31,4,7290,367281.66,50.021354838709684,45.88709677419355
2021-05-31,5,7244,392734.44,54.23351612903226,46.20645161290322
2021-05-31,6,7204,361344.36,50.4128064516129,44.76129032258065
2021-05-31,7,7247,380473.57,52.91816129032259,44.751612903225805
2021-05-31,8,7266,366355.81,50.80396774193549,46.71612903225807
2021-05-31,9,7357,390667.19,53.360064516129036,45.89032258064516
2021-05-31,10,7340,363555.06,50.16316129032258,45.4741935483871
2021-05-31,11,7314,383313.02,52.82435483870968,46.851612903225806
2021-05-31,12,7144,409655.25,57.674,44.535483870967745
2021-05-31,13,7213,387028.15,53.51590322580645,46.68709677419355
2021-05-31,14,7240,370994.27,51.5213870967742,47.80967741935484
2021-05-31,15,7096,377235.04000000004,53.48067741935483,46.79354838709678
2021-05-31,16,7122,380127.57,53.065451612903225,45.10322580645161
2021-05-31,17,7279,371605.16,51.041000000000004,47.28387096774193
2021-05-31,18,7312,386487.86,52.98854838709677,46.096774193548384
2021-05-31,19,7185,385475.48,53.59012903225806,45.251612903225805
2021-05-31,20,7346,383976.14,52.837870967741935,45.63225806451613
2021-05-31,21,7359,391252.75,52.0823870967742,47.56774193548387
2021-05-31,22,7249,372678.69,51.57654838709677,46.23548387096774
2021-05-31,23,7131,375977.47,52.9813870967742,46.16129032258065
2021-05-31,24,7285,359844.29,49.77603225806452,45.58709677419355
2021-05-31,25,7086,364798.88,51.929483870967736,45.222580645161294
2021-05-31,26,7198,382056.23,52.775677419354835,46.3
2021-05-31,27,7190,367368.97,50.711290322580645,44.7
2021-05-31,28,7212,394088.29,55.17022580645162,44.516129032258064
2021-05-31,29,7117,382791.35,54.2066129032258,46.670967741935485
2021-05-31,30,7142,373061.61,52.58641935483871,45.78387096774193
2021-05-31,31,7317,363827.41000000003,49.77967741935484,47.81935483870968
2021-05-31,32,7214,371701.25,51.783,45.39677419354838
2021-05-31,33,7129,374499.13,52.73361290322581,43.81935483870968
2021-05-31,34,7110,366953.88,51.65106451612903,45.83870967741935
2021-05-31,35,7311,386406.13,53.09193548387098,44.464516129032255
2021-05-31,36,7243,378278.67,52.57383870967742,46.42258064516129
2021-05-31,37,7329,366106.07,50.09422580645161,47.04516129032258
2021-05-31,38,7145,363434.52999999997,51.23916129032258,46.36451612903225
2021-05-31,39,7162,376518.42,52.67548387096774,46.3
2021-05-31,40,7190,374862.01,52.284612903225806,47.064516129032256
2021-05-31,41,7141,392896.57,54.88329032258065,44.91935483870968
2021-05-31,42,7139,371329.09,51.712645161290325,45.05483870967742
2021-05-31,43,7336,394116.35,53.9351935483871,45.325806451612905
2021-05-31,44,7279,381601.28,52.57216129032258,46.54516129032258
2021-05-31,45,7178,383912.61,53.37870967741935,45.93225806451613
2021-05-31,46,7131,364403.47,51.07067741935484,46.70322580645161
2021-05-31,47,7248,391541.72000000003,53.852612903225804,47.80322580645161
2021-05-31,48,7225,376853.79,52.47583870967742,45.535483870967745
2021-05-31,49,7302,363090.16,49.478967741935485,44.86451612903225
2021-05-31,50,7224,377371.08,52.690516129032254,45.490322580645156
2021-06-30,1,6619,336044.32,51.22233333333334,44.75666666666667
2021-06-30,2,6645,361842.23,54.016,43.71333333333333
2021-06-30,3,6726,346847.82,51.0167,43.03333333333333
2021-06-30,4,6719,343748.72,50.94576666666667,45.14333333333333
2021-06-30,5,6653,337048.45999999996,50.7718,43.95
2021-06-30,6,6517,341321.33999999997,52.49263333333333,43.943333333333335
2021-06-30,7,6482,333720.98,51.029700000000005,43.839999999999996
2021-06-30,8,6534,349417.87,53.64886666666666,45.14333333333333
2021-06-30,9,6502,354793.93,54.25906666666666,45.129999999999995
2021-06-30,10,6657,338707.84,51.08866666666667,46.32666666666667
2021-06-30,11,6524,348194.2,52.9294,44.31
2021-06-30,12,6748,345896.62,51.52356666666667,45.50666666666667
2021-06-30,13,6728,344205.02,50.863033333333334,45.339999999999996
2021-06-30,14,6707,347371.83999999997,51.935900000000004,45.233333333333334
2021-06-30,15,6572,361367.03,54.85940000000001,45.04
2021-06-30,16,6604,352398.05,53.08813333333334,46.093333333333334
2021-06-30,17,6663,356638.16000000003,53.42843333333333,45.71666666666666
2021-06-30,18,6660,345239.5,52.03626666666666,43.49333333333333
2021-06-30,19,6742,370660.2,54.6425,45.19
2021-06-30,20,6677,348354.1,52.266533333333335,43.3
2021-06-30,21,6531,347696.36,53.12346666666666,46.2
2021-06-30,22,6587,350409.85,53.09266666666666,45.559999999999995
2021-06-30,23,6533,327896.22000000003,50.356433333333335,44.11333333333333
2021-06-30,24,6589,366437.92,55.0397,44.559999999999995
2021-06-30,25,6577,356868.12,54.680566666666664,44.269999999999996
2021-06-30,26,6688,348094.86,52.56146666666666,46.54
2021-06-30,27,6551,324520.86,49.98706666666667,44.343333333333334
2021-06-30,28,6674,346188.08,51.892633333333336,46.21333333333333
2021-06-30,29,6562,333472.29000000004,50.24293333333334,44.94
2021-06-30,30,6623,337146.89,50.856766666666665,45.66
2021-06-30,31,6548,359007.91,54.876133333333335,44.733333333333334
2021-06-30,32,6469,319960.76,49.528499999999994,42.54666666666667
2021-06-30,33,6611,350890.42,52.543166666666664,45.589999999999996
2021-06-30,34,6603,351102.27,53.59993333333333,45.24666666666666
2021-06-30,35,6668,353533.39,52.851,42.626666666666665
2021-06-30,36,6563,355732.3,54.11710000000001,45.263333333333335
2021-06-30,37,6752,372065.05,55.05296666666667,44.79666666666667
2021-06-30,38,6499,347852.63,53.697833333333335,45.21666666666666
2021-06-30,39,6771,367880.26,53.951633333333334,44.30333333333333
2021-06-30,40,6584,334029.66000000003,50.8526,43.28666666666667
2021-06-30,41,6581,347639.16000000003,52.137133333333324,44.06666666666666
2021-06-30,42,6716,344861.22000000003,51.30586666666667,45.64666666666666
2021-06-30,43,6599,335934.97,51.19423333333334,45.596666666666664
2021-06-30,44,6471,356271.21,55.03966666666666,44.96
2021-06-30,45,6623,348478.1,53.0483,44.983333333333334
2021-06-30,46,6688,354415.69,53.36636666666667,44.86333333333333
2021-06-30,47,6628,371467.94,55.7365,44.93666666666667
2021-06-30,48,6648,356293.19,53.56526666666666,44.236666666666665
2021-06-30,49,6551,354629.66000000003,54.01716666666666,43.013333333333335
2021-06-30,50,6635,347925.71,52.78876666666666,44.89
2021-07-31,1,6212,335608.52,53.897451612903225,41.87741935483871
2021-07-31,2,6126,329665.89,53.21345161290323,41.693548387096776
2021-07-31,3,6114,330179.31,53.98916129032258,43.480645161290326
2021-07-31,4,6191,334319.44,54.07687096774193,42.4258064516129
2021-07-31,5,6083,340416.24,55.197580645161295,41.829032258064515
2021-07-31,6,6200,329050.0,52.34803225806452,41.941935483870964
2021-07-31,7,6258,340063.91,54.5381935483871,44.251612903225805
2021-07-31,8,6151,319776.62,51.68351612903226,44.21612903225807
2021-07-31,9,6150,326644.8,53.08558064516129,43.0
2021-07-31,10,6146,326375.14,53.1988064516129,42.990322580645156
2021-07-31,11,6124,334185.12,54.66164516129032,42.65806451612903
2021-07-31,12,6260,314354.97,50.2048064516129,43.95483870967742
2021-07-31,13,6076,324458.45,53.840870967741935,41.535483870967745
2021-07-31,14,6071,318710.73,52.879516129032254,41.97096774193548
2021-07-31,15,6148,318104.96,51.55645161290323,41.9741935483871
2021-07-31,16,6129,332058.83,54.593064516129026,42.938709677419354
2021-07-31,17,6157,324862.9,52.66687096774194,42.70645161290322
2021-07-31,18,6124,319688.7,52.16193548387097,42.45161290322581
2021-07-31,19,6265,329024.39,52.58525806451613,42.622580645161285
2021-07-31,20,6158,310221.14,50.325935483870964,41.78064516129032
2021-07-31,21,6145,314129.58,51.3016129032258,42.64516129032258
2021-07-31,22,6219,331889.0,53.486612903225804,42.441935483870964
2021-07-31,23,6264,338893.06,53.96864516129032,44.32258064516129
2021-07-31,24,6226,330788.81,53.12209677419355,43.035483870967745
2021-07-31,25,6144,303746.04,49.668064516129036,42.28064516129032
2021-07-31,26,6148,330832.55,53.10387096774193,42.483870967741936
2021-07-31,27,6174,333932.71,53.73209677419354,42.16129032258065
2021-07-31,28,6060,310172.82,51.37183870967742,39.86451612903225
2021-07-31,29,6204,323924.07,52.397064516129035,44.56774193548387
2021-07-31,30,6139,314605.3,50.85470967741936,41.72903225806452
2021-07-31,31,6230,314113.03,50.7591935483871,43.16129032258065
2021-07-31,32,6226,345566.1,56.43222580645162,44.26774193548387
2021-07-31,33,6262,343248.09,54.59470967741936,43.777419354838706
2021-07-31,34,6054,312171.77,51.71861290322581,42.27096774193548
2021-07-31,35,6222,340711.9,54.77467741935484,41.86129032258064
2021-07-31,36,6126,335200.11,54.23848387096774,42.74193548387097
2021-07-31,37,6142,321016.62,52.44303225806451,42.47741935483871
2021-07-31,38,6023,316094.79000000004,52.484419354838714,42.36129032258064
2021-07-31,39,6213,325249.28,51.868516129032265,42.07741935483871
2021-07-31,40,6239,328713.79,53.35716129032259,43.54838709677419
2021-07-31,41,6182,329380.83999999997,53.00593548387097,40.34516129032258
2021-07-31,42,6141,323373.39,52.99429032258065,41.85806451612903
2021-07-31,43,6073,317304.71,52.2721935483871,41.651612903225804
2021-07-31,44,6115,324257.11,53.52764516129032,43.63870967741936
2021-07-31,45,6187,322498.36,51.86877419354839,42.406451612903226
2021-07-31,46,6282,329132.71,52.569677419354846,44.13870967741936
2021-07-31,47,6198,304513.58,48.82190322580645,40.677419354838705
2021-07-31,48,6071,313699.02,51.88535483870968,41.77096774193548
2021-07-31,49,6064,324339.81,53.30106451612903,42.78709677419355
2021-07-31,50,6129,321165.8,52.10654838709678,41.8741935483871
2021-08-31,1,5587,299605.66,54.13354838709678,40.3741935483871
2021-08-31,2,5557,281382.18,50.18838709677419,40.70322580645161
2021-08-31,3,5521,287394.65,51.50464516129032,39.648387096774194
2021-08-31,4,5640,288618.78,50.36909677419355,40.170967741935485
2021-08-31,5,5526,297126.04,53.68687096774194,40.77096774193548
2021-08-31,6,5509,289939.6,51.999967741935485,40.667741935483875
2021-08-31,7,5647,310831.61,54.44370967741936,42.75483870967742
2021-08-31,8,5495,294796.65,54.499,41.487096774193546
2021-08-31,9,5564,287205.22,51.447967741935486,40.18064516129032
2021-08-31,10,5472,300493.9,54.667161290322575,40.45483870967742
2021-08-31,11,5643,291437.41,51.94322580645162,41.36451612903225
2021-08-31,12,5672,302527.24,52.82151612903226,42.564516129032256
2021-08-31,13,5497,303602.63,54.875129032258066,40.12903225806452
2021-08-31,14,5650,296710.37,53.067516129032256,40.24516129032258
2021-08-31,15,5601,293662.89,52.28622580645161,41.30322580645161
2021-08-31,16,5472,297014.12,54.060870967741934,40.225806451612904
2021-08-31,17,5674,295931.63,52.60193548387097,40.47419354838709
2021-08-31,18,5566,277456.62,49.79512903225806,38.75483870967742
2021-08-31,19,5535,294692.23,53.52790322580645,40.93225806451613
2021-08-31,20,5624,317229.02,56.7241935483871,41.4
2021-08-31,21,5658,285929.8,50.55261290322581,42.13870967741936
2021-08-31,22,5666,283079.57,50.79316129032258,40.14193548387097
2021-08-31,23,5579,280890.52,50.254451612903225,41.08064516129032
2021-08-31,24,5569,282284.72,50.047677419354834,41.71612903225806
2021-08-31,25,5604,304961.11,53.97409677419355,40.41290322580645
2021-08-31,26,5615,305285.68,54.77651612903226,40.71935483870968
2021-08-31,27,5506,295680.78,53.59590322580645,40.74516129032258
2021-08-31,28,5518,277611.38,50.19767741935483,38.28387096774193
2021-08-31,29,5573,305706.56,54.689741935483866,41.1
2021-08-31,30,5752,314099.51,54.770741935483876,42.061290322580646
2021-08-31,31,5630,295147.96,52.41345161290322,40.04516129032258
2021-08-31,32,5614,280677.75,50.86074193548387,38.81935483870968
2021-08-31,33,5573,295156.73,53.06461290322581,41.41290322580645
2021-08-31,34,5601,275364.6,49.53267741935484,39.348387096774196
2021-08-31,35,5603,278220.66,49.34941935483871,40.22258064516129
2021-08-31,36,5528,300658.6,54.21354838709677,41.68387096774193
2021-08-31,37,5571,299166.28,53.795193548387104,41.0516129032258
2021-08-31,38,5530,290559.76,53.328161290322576,39.83870967741935
2021-08-31,39,5719,291316.52,50.85629032258065,40.78064516129032
2021-08-31,40,5609,283202.4,51.03987096774194,40.674193548387095
2021-08-31,41,5573,288556.63,52.17187096774194,40.306451612903224
2021-08-31,42,5568,305060.93,55.10087096774193,39.63225806451613
2021-08-31,43,5660,293494.39,52.05993548387097,41.1
2021-08-31,44,5500,288942.44,52.36806451612904,41.096774193548384
2021-08-31,45,5729,295665.65,52.490322580645156,41.222580645161294
2021-08-31,46,5674,297591.89,52.57177419354839,41.08709677419355
2021-08-31,47,5556,296164.38,53.41441935483871,41.754838709677415
2021-08-31,48,5583,280811.71,50.01822580645161,40.84193548387097
2021-08-31,49,5637,292052.54,51.5564193548387,41.8741935483871
2021-08-31,50,5491,269549.32,48.90264516129032,40.480645161290326
2021-09-30,1,4976,255297.08,51.636266666666664,40.39333333333333
2021-09-30,2,4953,252677.44,51.773,39.446666666666665
2021-09-30,3,4879,257897.5,52.3341,39.769999999999996
2021-09-30,4,4870,240391.94,49.87753333333333,40.43
2021-09-30,5,4934,252577.93,52.0314,38.63
2021-09-30,6,4975,256657.82,51.355466666666665,39.17666666666666
2021-09-30,7,4878,268127.12,54.99136666666667,39.46333333333333
2021-09-30,8,5013,273492.82,54.215066666666665,38.93666666666667
2021-09-30,9,5077,261724.88,51.040166666666664,40.99333333333333
2021-09-30,10,4923,257525.07,52.65633333333333,39.88666666666667
2021-09-30,11,5056,252068.71,50.19463333333333,39.24333333333333
2021-09-30,12,4853,249128.5,51.88583333333334,39.5
2021-09-30,13,4954,256329.46,52.23396666666666,38.75666666666667
2021-09-30,14,4877,257802.44,52.6216,38.63666666666666
2021-09-30,15,4930,253060.64,51.34203333333333,39.42666666666666
2021-09-30,16,4998,268465.27,53.6459,40.40333333333333
2021-09-30,17,5017,258944.76,51.46126666666667,39.67
2021-09-30,18,4923,256168.59,51.55633333333333,37.696666666666665
2021-09-30,19,5014,255336.11,50.6293,39.596666666666664
2021-09-30,20,4931,251928.28,50.830799999999996,39.236666666666665
2021-09-30,21,4939,264635.2,52.269866666666665,38.11
2021-09-30,22,4895,264358.05,54.49896666666666,39.47
2021-09-30,23,5067,254910.56,49.91416666666667,39.43666666666667
2021-09-30,24,5048,256211.46,50.4591,40.730000000000004
2021-09-30,25,4895,251976.32,50.9378,38.946666666666665
2021-09-30,26,5076,270311.54,53.534866666666666,39.86666666666666
2021-09-30,27,4840,265992.16000000003,54.926199999999994,37.986666666666665
2021-09-30,28,4857,253144.33,51.748733333333334,38.8
2021-09-30,29,4982,258176.14,51.62846666666667,39.35333333333333
2021-09-30,30,4940,267082.94,54.0658,39.18333333333333
2021-09-30,31,4912,245205.64,50.051766666666666,37.64
2021-09-30,32,4817,248127.07,51.94556666666667,38.31333333333333
2021-09-30,33,4950,263720.05,52.6178,38.45333333333333
2021-09-30,34,4909,254032.63,51.9233,39.43333333333333
2021-09-30,35,4999,267812.68,53.30323333333333,39.28666666666667
2021-09-30,36,4924,270777.75,55.124900000000004,40.38666666666667
2021-09-30,37,4967,264478.35,52.43920000000001,39.33
2021-09-30,38,4897,275208.27999999997,56.07253333333333,40.08
2021-09-30,39,4966,254640.05,50.893299999999996,38.92333333333333
2021-09-30,40,4937,252199.07,51.00513333333333,39.483333333333334
2021-09-30,41,4841,244007.8,50.2593,38.089999999999996
2021-09-30,42,4896,265210.47,54.04323333333333,38.769999999999996
2021-09-30,43,4901,244313.79,49.83083333333333,39.196666666666665
2021-09-30,44,5009,253717.46,49.79266666666667,39.71
2021-09-30,45,4937,255547.15,51.9173,39.44
2021-09-30,46,4852,266735.39,55.10973333333334,39.443333333333335
2021-09-30,47,4986,263271.54000000004,52.16303333333333,39.589999999999996
2021-09-30,48,4862,257515.4,53.24883333333334,40.33
2021-09-30,49,4946,243038.34,49.31936666666667,38.306666666666665
2021-09-30,50,4912,251677.27000000002,50.58376666666667,38.443333333333335
2021-10-31,1,4878,263779.08,54.24867741935484,39.25483870967742
2021-10-31,2,5020,267011.28,53.422483870967746,37.980645161290326
2021-10-31,3,5064,253215.59,49.78916129032258,38.9741935483871
2021-10-31,4,4835,239807.36,49.18261290322581,37.09677419354839
2021-10-31,5,4809,260112.48,53.62245161290323,37.45161290322581
2021-10-31,6,4814,251326.79,51.31006451612903,36.9483870967742
2021-10-31,7,4930,259186.22,53.01625806451614,39.13548387096775
2021-10-31,8,4942,254685.19,51.83293548387097,38.41935483870968
2021-10-31,9,5031,263887.55,52.99574193548388,40.06774193548387
2021-10-31,10,4891,271043.9,55.1538064516129,36.92258064516129
2021-10-31,11,5056,270094.19,53.85206451612903,38.10967741935484
2021-10-31,12,4904,253203.16999999998,51.52090322580646,38.222580645161294
2021-10-31,13,4857,247820.99,50.982000000000006,37.74193548387097
2021-10-31,14,4961,263124.35,52.667096774193546,38.94193548387097
2021-10-31,15,4938,255739.62,52.34925806451613,39.148387096774194
2021-10-31,16,4879,244419.86,50.79090322580645,39.70645161290322
2021-10-31,17,4949,260513.71,53.55377419354839,38.65483870967742
2021-10-31,18,4870,251272.63,51.950548387096774,37.84516129032258
2021-10-31,19,4867,249254.33000000002,51.18954838709677,38.79677419354839
2021-10-31,20,4928,256444.24,52.218999999999994,38.31612903225806
2021-10-31,21,4864,244059.22,50.22854838709677,37.36451612903225
2021-10-31,22,4848,258249.03,53.42354838709677,38.04516129032258
2021-10-31,23,4819,268718.4,54.992290322580644,38.332258064516125
2021-10-31,24,5017,264559.01,53.09248387096775,39.064516129032256
2021-10-31,25,4985,275428.95,55.09229032258065,37.88709677419355
2021-10-31,26,4888,247691.33,50.97064516129032,41.07096774193548
2021-10-31,27,4872,255644.8,52.78558064516129,38.30322580645161
2021-10-31,28,4955,264343.3,53.137741935483874,37.71612903225806
2021-10-31,29,4893,259770.45,53.40854838709678,37.16451612903226
2021-10-31,30,4873,258137.51,52.21687096774193,37.85806451612903
2021-10-31,31,4731,254435.15,54.010161290322586,37.97096774193548
2021-10-31,32,4887,248443.54,50.608000000000004,37.64516129032258
2021-10-31,33,4911,250408.57,52.01625806451612,38.193548387096776
2021-10-31,34,4958,257224.58000000002,52.25716129032257,39.09032258064516
2021-10-31,35,4984,270536.68,54.574612903225805,37.80322580645161
2021-10-31,36,4834,247844.82,51.44280645161291,37.34516129032258
2021-10-31,37,4822,252387.74,52.339290322580645,37.63870967741936
2021-10-31,38,4945,265286.51,53.305580645161285,39.28709677419355
2021-10-31,39,4881,256410.99,52.384129032258066,38.33548387096774
2021-10-31,40,4828,254603.44,53.475032258064516,37.822580645161295
2021-10-31,41,4913,267485.73,53.94119354838709,37.58064516129032
2021-10-31,42,4819,260608.75,54.0821935483871,39.561290322580646
2021-10-31,43,4828,261808.18,53.74677419354839,38.116129032258065
2021-10-31,44,4835,258909.3,53.32693548387097,39.174193548387095
2021-10-31,45,4857,246445.66999999998,50.841806451612904,37.4483870967742
2021-10-31,46,4855,253396.34,52.6441935483871,38.325806451612905
2021-10-31,47,4914,242457.26,49.78264516129032,38.035483870967745
2021-10-31,48,4843,243360.06,50.07583870967743,38.73548387096774
2021-10-31,49,4952,246678.5,50.21741935483871,37.012903225806454
2021-10-31,50,4858,234163.92,48.466032258064516,38.45161290322581
2021-11-30,1,4958,266180.06,54.11943333333333,40.04333333333334
2021-11-30,2,5074,273597.54,53.84976666666667,40.739999999999995
2021-11-30,3,5057,268329.6,53.03443333333333,38.660000000000004
2021-11-30,4,5014,272484.24,53.87596666666667,38.406666666666666
2021-11-30,5,4912,258348.06,53.242399999999996,39.123333333333335
2021-11-30,6,4985,252336.06,50.9461,39.21333333333333
2021-11-30,7,4893,264298.56,53.78253333333333,38.28666666666667
2021-11-30,8,5035,266972.94,53.08149999999999,39.266666666666666
2021-11-30,9,4998,265374.24,53.32280000000001,38.46333333333333
2021-11-30,10,5034,276633.66,55.05476666666666,37.79333333333333
2021-11-30,11,4932,257237.25,52.42626666666666,37.766666666666666
2021-11-30,12,5024,261722.33,52.39423333333333,38.56333333333333
2021-11-30,13,4941,266573.27,53.364333333333335,39.269999999999996
2021-11-30,14,5104,275267.02,54.081833333333336,39.39
2021-11-30,15,4878,265485.51,54.245466666666665,39.01
2021-11-30,16,5037,268361.56,53.382933333333334,39.63333333333333
2021-11-30,17,5038,263178.8,52.15613333333333,39.126666666666665
2021-11-30,18,4992,261481.35,52.400299999999994,40.57333333333334
2021-11-30,19,4952,249245.55,51.241666666666674,39.32666666666667
2021-11-30,20,4983,274579.89,54.300366666666676,39.89666666666666
2021-11-30,21,4865,247204.82,50.972699999999996,37.96
2021-11-30,22,4971,258154.16,52.6102,39.263333333333335
2021-11-30,23,4826,250532.41,52.190999999999995,38.92666666666666
2021-11-30,24,4967,269687.34,55.080499999999994,39.089999999999996
2021-11-30,25,4933,258381.34,52.084466666666664,39.42666666666666
2021-11-30,26,4826,264312.88,54.110933333333335,38.843333333333334
2021-11-30,27,4959,259447.13,52.188633333333335,39.61333333333333
2021-11-30,28,4984,257868.09,51.92023333333333,41.416666666666664
2021-11-30,29,5030,260742.02,52.128499999999995,38.68333333333334
2021-11-30,30,4922,263013.69,53.1084,38.49333333333333
2021-11-30,31,4980,272212.91,54.21643333333334,40.11333333333333
2021-11-30,32,4947,259544.38,52.70453333333334,38.519999999999996
2021-11-30,33,5034,262391.81,51.95119999999999,39.42333333333333
2021-11-30,34,4989,251092.65,50.745866666666664,40.31666666666666
2021-11-30,35,5009,272795.47,53.93366666666667,40.7
2021-11-30,36,4939,256335.41,51.865066666666664,38.776666666666664
2021-11-30,37,4944,255883.13,52.00653333333334,38.06333333333333
2021-11-30,38,5072,264708.08,52.247,40.22666666666667
2021-11-30,39,4932,257239.29,52.09056666666667,38.82333333333334
2021-11-30,40,5044,250263.72,49.749966666666666,39.93
2021-11-30,41,4915,242471.4,49.675533333333334,39.67666666666666
2021-11-30,42,5004,264219.63,53.351200000000006,40.32
2021-11-30,43,4959,262822.37,53.01083333333334,37.99666666666667
2021-11-30,44,5052,277916.11,54.36296666666667,39.589999999999996
2021-11-30,45,5004,254300.63,50.77583333333333,41.163333333333334
2021-11-30,46,4976,267982.19,53.8285,39.6
2021-11-30,47,5006,254664.05,51.439099999999996,40.16666666666667
2021-11-30,48,4984,263327.82,52.781499999999994,38.0
2021-11-30,49,4955,276952.1,54.55723333333333,38.52333333333333
2021-11-30,50,5017,265481.27,52.84913333333333,39.089999999999996
2021-12-31,1,5600,300695.69,53.91690322580645,40.49677419354838
2021-12-31,2,5664,301804.63,53.974709677419355,40.5
2021-12-31,3,5488,293964.65,53.64387096774194,40.64193548387097
2021-12-31,4,5589,287648.12,50.55429032258064,41.348387096774196
2021-12-31,5,5617,302513.08999999997,53.54293548387096,42.07741935483871
2021-12-31,6,5565,271580.24,48.80741935483871,41.54516129032258
2021-12-31,7,5639,294021.75,50.97812903225806,40.97741935483871
2021-12-31,8,5618,299961.68,53.54796774193549,41.05483870967741
2021-12-31,9,5627,294247.97000000003,52.023870967741935,41.68709677419355
2021-12-31,10,5609,311305.62,55.59041935483871,41.15483870967742
2021-12-31,11,5649,304085.66,54.49609677419355,40.68387096774193
2021-12-31,12,5608,290704.78,51.552129032258065,39.41290322580645
2021-12-31,13,5556,301655.79,53.92283870967742,40.39677419354838
2021-12-31,14,5548,277791.29,50.16619354838709,41.667741935483875
2021-12-31,15,5670,304484.91000000003,53.16677419354839,40.07096774193548
2021-12-31,16,5630,295385.62,51.966096774193545,39.561290322580646
2021-12-31,17,5584,306588.05,55.77606451612903,41.561290322580646
2021-12-31,18,5751,297097.51,51.748322580645166,41.37741935483871
2021-12-31,19,5541,277950.22,49.74590322580645,42.31935483870968
2021-12-31,20,5541,288112.69,52.228483870967736,40.10967741935484
2021-12-31,21,5495,283684.82,51.16464516129032,42.329032258064515
2021-12-31,22,5650,295223.29,52.65206451612903,41.677419354838705
2021-12-31,23,5634,288868.36,50.78322580645161,40.95161290322581
2021-12-31,24,5735,301112.2,52.6991935483871,41.851612903225806
2021-12-31,25,5596,305992.68,54.50654838709677,40.24516129032258
2021-12-31,26,5483,295172.52,53.90396774193548,40.58064516129032
2021-12-31,27,5619,291768.49,51.84958064516129,40.061290322580646
2021-12-31,28,5536,295472.11,53.436290322580646,39.77096774193548
2021-12-31,29,5453,276076.24,50.44635483870968,41.37096774193548
2021-12-31,30,5544,307974.43,55.76167741935484,39.90322580645161
2021-12-31,31,5449,299039.3,55.16390322580645,38.4258064516129
2021-12-31,32,5543,294204.91000000003,52.88832258064516,40.74193548387096
2021-12-31,33,5518,286872.74,52.05348387096774,39.0
2021-12-31,34,5616,292439.4,51.29854838709677,42.92903225806451
2021-12-31,35,5467,301955.07,54.9251935483871,40.39354838709677
2021-12-31,36,5538,295409.74,53.804193548387104,40.05806451612903
2021-12-31,37,5613,299483.72,53.67338709677419,41.280645161290316
2021-12-31,38,5589,295941.21,52.84412903225807,40.9258064516129
2021-12-31,39,5627,294026.53,51.65245161290322,39.77096774193548
2021-12-31,40,5575,289694.89,52.263451612903225,40.68064516129032
2021-12-31,41,5502,285401.42,51.947741935483876,39.42903225806452
2021-12-31,42,5562,288451.32,51.139870967741935,40.677419354838705
2021-12-31,43,5605,287165.01,51.28874193548387,41.73225806451613
2021-12-31,44,5526,279495.31,50.74235483870968,42.00322580645161
2021-12-31,45,5609,290729.42,52.02590322580645,40.39032258064516
2021-12-31,46,5496,294245.69,53.6481935483871,41.73870967741935
2021-12-31,47,5609,292156.2,52.0156129032258,40.93225806451613
2021-12-31,48,5657,301279.16,53.23722580645161,40.9258064516129
2021-12-31,49,5429,304083.25,55.614451612903224,40.777419354838706
2021-12-31,50,5598,306411.12,54.50393548387096,40.983870967741936
2022-01-31,1,6171,324108.71,53.47096774193549,42.561290322580646
2022-01-31,2,6113,316027.33999999997,52.491903225806446,44.73225806451613
2022-01-31,3,6273,343504.25,54.038935483870965,43.58387096774193
2022-01-31,4,6214,334540.89,53.78645161290323,42.68387096774193
2022-01-31,5,6191,318754.68,51.459870967741935,41.93225806451613
2022-01-31,6,6038,316553.51,52.33532258064516,39.99032258064516
2022-01-31,7,6192,316338.04,50.89535483870968,43.229032258064514
2022-01-31,8,6208,313132.52999999997,51.448903225806454,43.74516129032258
2022-01-31,9,6087,331384.95999999996,53.90009677419355,44.60645161290322
2022-01-31,10,6326,322355.9,50.27429032258065,44.02258064516129
2022-01-31,11,6189,330607.74,52.875,42.13870967741936
2022-01-31,12,6312,328730.76,52.26641935483872,42.49677419354839
2022-01-31,13,6161,340675.92,55.209096774193554,41.822580645161295
2022-01-31,14,6248,324420.39,52.88151612903226,43.04838709677419
2022-01-31,15,6071,320516.53,53.19751612903226,42.37741935483871
2022-01-31,16,6298,339148.34,54.599322580645165,43.45161290322581
2022-01-31,17,6050,323592.99,54.184000000000005,41.13548387096775
2022-01-31,18,6105,337640.37,55.20564516129032,42.57741935483871
2022-01-31,19,6103,334385.38,54.832483870967735,43.07741935483871
2022-01-31,20,6280,342572.65,53.82016129032259,42.78064516129032
2022-01-31,21,6119,330393.5,53.39467741935484,41.351612903225806
2022-01-31,22,6062,320949.77,52.775354838709674,42.538709677419355
2022-01-31,23,6155,318405.02,51.53987096774193,43.693548387096776
2022-01-31,24,6256,335293.11,53.71900000000001,42.435483870967744
2022-01-31,25,6168,321405.7,51.9434193548387,42.2
2022-01-31,26,6158,318889.38,51.94948387096774,41.30322580645161
2022-01-31,27,6324,337864.65,53.392580645161296,43.20645161290322
2022-01-31,28,6234,340527.2,54.66974193548388,41.23548387096774
2022-01-31,29,6057,313741.87,52.251064516129034,42.66451612903226
2022-01-31,30,6118,318286.29,52.75190322580645,41.75806451612903
2022-01-31,31,6197,321108.11,51.78303225806452,42.78709677419355
2022-01-31,32,6123,314185.07,51.58390322580645,42.16451612903226
2022-01-31,33,6323,332627.04,52.56796774193549,44.019354838709674
2022-01-31,34,6056,332058.24,54.63729032258065,42.751612903225805
2022-01-31,35,6179,329395.37,52.75364516129032,43.38709677419355
2022-01-31,36,6203,323338.6,52.418193548387094,42.47741935483871
2022-01-31,37,6144,333874.56,54.9418064516129,42.777419354838706
2022-01-31,38,6197,337624.91000000003,54.217,42.880645161290325
2022-01-31,39,6244,331798.03,53.10670967741936,42.751612903225805
2022-01-31,40,6077,327177.87,53.56454838709677,43.11290322580645
2022-01-31,41,6099,321828.42,52.45851612903226,42.832258064516125
2022-01-31,42,6084,308863.47,50.88106451612903,40.19032258064516
2022-01-31,43,6261,339763.59,54.757548387096776,42.99677419354839
2022-01-31,44,6396,355737.95,55.78093548387096,43.40967741935484
2022-01-31,45,6115,324819.31,52.26583870967742,42.5516129032258
2022-01-31,46,6128,313602.26,51.8778064516129,43.65483870967742
2022-01-31,47,6209,331903.1,52.947258064516134,43.36774193548387
2022-01-31,48,6290,326618.45,52.04296774193549,43.016129032258064
2022-01-31,49,6067,325674.07,53.44445161290323,41.55806451612903
2022-01-31,50,6201,320131.43,51.776387096774194,43.38709677419355
2022-02-28,1,6112,331961.92,54.49910714285714,45.732142857142854
2022-02-28,2,6133,331200.72000000003,54.37828571428571,44.31071428571428
2022-02-28,3,6202,327020.43,53.52332142857142,44.34285714285714
2022-02-28,4,6230,332745.1,53.51060714285715,43.292857142857144
2022-02-28,5,6249,330730.3,53.45896428571429,44.425
2022-02-28,6,5967,324533.16000000003,53.90060714285714,42.42142857142857
2022-02-28,7,6165,345156.89999999997,55.5095,44.707142857142856
2022-02-28,8,6196,339975.44,54.738678571428565,44.925
2022-02-28,9,6301,329755.79000000004,52.04439285714286,45.392857142857146
2022-02-28,10,6167,321558.75,52.79396428571429,44.66428571428571
2022-02-28,11,6046,330616.86,54.55775,45.07142857142857
2022-02-28,12,6132,313453.4,51.57792857142857,44.05
2022-02-28,13,6127,326115.62,53.33696428571428,43.64642857142857
2022-02-28,14,6199,324944.78,52.676928571428576,42.9
2022-02-28,15,5933,309879.55,52.53053571428571,41.95357142857143
2022-02-28,16,6143,328660.44,53.90132142857143,44.31428571428571
2022-02-28,17,6154,321998.7,52.102714285714285,46.660714285714285
2022-02-28,18,6170,336882.88,54.76482142857143,44.75
2022-02-28,19,6061,324683.43,52.651428571428575,43.82142857142857
2022-02-28,20,6174,327319.0,53.211285714285715,44.97500000000001
2022-02-28,21,6099,327959.7,53.81567857142856,43.52142857142857
2022-02-28,22,6019,318606.03,53.321464285714285,45.153571428571425
2022-02-28,23,6089,340835.66000000003,56.164071428571425,44.667857142857144
2022-02-28,24,6029,307564.76,50.92646428571429,44.621428571428574
2022-02-28,25,6233,322295.3,51.89835714285714,45.25
2022-02-28,26,6068,329365.68,53.904071428571434,45.37142857142858
2022-02-28,27,6206,322030.93,51.67946428571429,44.753571428571426
2022-02-28,28,6203,326725.35,53.23475,45.04642857142857
2022-02-28,29,6109,327859.38,53.49171428571428,44.36071428571428
2022-02-28,30,6101,317137.99,51.99489285714285,44.482142857142854
2022-02-28,31,6050,313926.62,52.684107142857144,43.71071428571429
2022-02-28,32,6176,331547.1,53.23703571428572,43.14642857142857
2022-02-28,33,6149,303837.55,50.450178571428566,44.95357142857143
2022-02-28,34,6297,319980.1,50.96617857142857,44.324999999999996
2022-02-28,35,6054,318520.08,52.96132142857143,45.128571428571426
2022-02-28,36,6206,340864.39,54.43582142857143,45.05
2022-02-28,37,6252,342277.39,54.418642857142856,46.846428571428575
2022-02-28,38,6274,315079.11,49.73978571428571,44.575
2022-02-28,39,6243,322174.57,51.58707142857143,44.15
2022-02-28,40,6088,315531.14,50.922285714285714,43.96428571428571
2022-02-28,41,6031,320178.34,52.94349999999999,43.75714285714285
2022-02-28,42,6045,331695.3,54.004,45.075
2022-02-28,43,6030,317416.06,52.250678571428566,44.95357142857143
2022-02-28,44,6317,337183.16000000003,52.48692857142858,45.13214285714285
2022-02-28,45,6209,318461.8,51.123642857142855,45.635714285714286
2022-02-28,46,6198,323849.13,52.344142857142856,44.175
2022-02-28,47,6229,319398.7,51.18875,44.653571428571425
2022-02-28,48,6087,315879.86,52.037,45.35357142857143
2022-02-28,49,6043,305032.16,50.98046428571429,43.27142857142857
2022-02-28,50,6184,333260.14,54.61378571428571,45.057142857142864
2022-03-31,1,7325,374555.15,51.38306451612904,46.535483870967745
2022-03-31,2,7197,373318.19,52.032645161290326,45.035483870967745
2022-03-31,3,7129,387498.21,54.67432258064516,44.5516129032258
2022-03-31,4,7135,343584.67,47.914,45.53225806451613
2022-03-31,5,7305,413664.91000000003,56.46725806451614,46.722580645161294
2022-03-31,6,7139,355561.76,49.97264516129032,47.9258064516129
2022-03-31,7,7148,375698.68,52.896967741935484,45.490322580645156
2022-03-31,8,7262,361480.0,49.62841935483871,45.29032258064516
2022-03-31,9,7233,380646.69,53.34225806451612,46.60322580645161
2022-03-31,10,7235,372256.03,52.006161290322574,44.677419354838705
2022-03-31,11,7220,370386.4,51.75119354838709,46.56129032258064
2022-03-31,12,7224,370358.73,52.032806451612906,45.177419354838705
2022-03-31,13,7258,397751.15,54.39803225806452,45.34516129032258
2022-03-31,14,7225,364292.98,50.41035483870968,46.49677419354838
2022-03-31,15,7222,371425.2,51.68516129032258,44.177419354838705
2022-03-31,16,7191,396970.65,55.010612903225805,44.65483870967742
2022-03-31,17,7187,382186.1,53.479677419354836,45.62903225806451
2022-03-31,18,7235,365497.88,50.24722580645162,44.26451612903226
2022-03-31,19,7164,382278.20999999996,53.011,45.1
2022-03-31,20,7354,373078.93,50.10506451612903,47.851612903225806
2022-03-31,21,7174,401242.85000000003,55.721096774193555,46.0258064516129
2022-03-31,22,7147,377131.29,52.70209677419355,46.10645161290323
2022-03-31,23,7309,367151.0,51.516580645161284,47.77096774193548
2022-03-31,24,7207,356554.86,48.93961290322581,47.016129032258064
2022-03-31,25,7155,385549.31,53.032451612903216,43.91290322580645
2022-03-31,26,7060,366996.29000000004,52.163870967741936,44.95806451612903
2022-03-31,27,7229,386537.27,53.77170967741936,46.87096774193548
2022-03-31,28,7237,392525.76,54.214612903225806,46.251612903225805
2022-03-31,29,7294,376404.6,51.856838709677426,46.09032258064516
2022-03-31,30,7263,386820.68,53.4691935483871,44.9258064516129
2022-03-31,31,7179,377640.36,52.74983870967742,46.16129032258064
2022-03-31,32,7377,405897.33999999997,55.29164516129032,47.380645161290325
2022-03-31,33,7113,380009.77,53.092,45.967741935483865
2022-03-31,34,7190,357667.26,49.80703225806452,44.21290322580645
2022-03-31,35,7244,379881.18,52.450870967741935,45.651612903225804
2022-03-31,36,7169,365596.27,51.27667741935484,45.035483870967745
2022-03-31,37,7180,373354.63,52.146967741935484,45.990322580645156
2022-03-31,38,7045,372642.21,52.704580645161286,46.829032258064515
2022-03-31,39,7214,366889.13,51.017870967741935,43.96774193548387
2022-03-31,40,7176,366644.22,50.63109677419355,45.33548387096774
2022-03-31,41,7103,372320.2,52.53458064516129,45.9
2022-03-31,42,7084,368823.41000000003,51.64809677419355,44.59032258064516
2022-03-31,43,7232,379847.48,52.603483870967736,46.27096774193548
2022-03-31,44,7024,376025.06,53.87664516129032,45.541935483870965
2022-03-31,45,7318,370859.98,50.362096774193546,45.38709677419355
2022-03-31,46,7279,391894.64,53.626451612903224,46.13225806451613
2022-03-31,47,7247,392693.07,54.66367741935484,45.83870967741935
2022-03-31,48,7299,378449.39,51.61235483870968,46.1
2022-03-31,49,7277,388127.22,53.489838709677414,45.22903225806452
2022-03-31,50,7368,379731.37,51.67422580645162,45.52258064516129
2022-04-30,1,7289,404828.69,54.65396666666667,44.980000000000004
2022-04-30,2,7353,394445.7,53.576633333333334,48.019999999999996
2022-04-30,3,7220,378023.96,52.662333333333336,45.31
2022-04-30,4,7171,395199.25,54.463499999999996,46.87
2022-04-30,5,7181,383013.25,52.8575,46.623333333333335
2022-04-30,6,7197,376072.13,52.19116666666666,45.78333333333333
2022-04-30,7,7278,384053.15,52.303133333333335,49.36
2022-04-30,8,7004,357378.51,50.3821,47.10666666666667
2022-04-30,9,7263,371901.59,51.29736666666666,47.013333333333335
2022-04-30,10,7391,394796.89,53.02596666666667,47.29333333333334
2022-04-30,11,7347,388771.24,52.88946666666667,47.160000000000004
2022-04-30,12,7190,364856.4,50.936233333333334,46.37
2022-04-30,13,7145,381690.1,53.95826666666667,46.97666666666667
2022-04-30,14,7300,379928.52,52.347433333333335,48.193333333333335
2022-04-30,15,7227,383621.68,52.7783,46.61333333333333
2022-04-30,16,7116,386437.28,54.72016666666666,46.986666666666665
2022-04-30,17,7312,395213.4,54.377233333333336,47.260000000000005
2022-04-30,18,7341,379919.64,51.65626666666666,47.95333333333333
2022-04-30,19,7363,389517.08,53.162800000000004,46.85
2022-04-30,20,7139,382295.08999999997,53.54223333333333,46.230000000000004
2022-04-30,21,7189,374775.33,52.2222,46.70333333333333
2022-04-30,22,7446,399896.26,53.08266666666667,46.056666666666665
2022-04-30,23,7251,372391.59,51.6845,47.07333333333333
2022-04-30,24,7163,359149.55,49.958533333333335,47.54
2022-04-30,25,7080,368656.97,51.93086666666667,45.489999999999995
2022-04-30,26,7124,370226.85,51.910000000000004,48.92666666666666
2022-04-30,27,7298,404576.36,55.4274,47.910000000000004
2022-04-30,28,7225,369609.36,51.42156666666666,46.523333333333326
2022-04-30,29,7174,366199.20999999996,50.9079,46.39
2022-04-30,30,7250,377122.87,51.82090000000001,46.79333333333333
2022-04-30,31,7299,386052.52,52.497766666666664,45.276666666666664
2022-04-30,32,7031,382143.72,54.752266666666664,46.99666666666667
2022-04-30,33,7345,405775.06,55.03723333333333,47.60666666666667
2022-04-30,34,7174,414207.58999999997,57.109500000000004,47.36666666666666
2022-04-30,35,7201,379951.11,51.97076666666667,46.95333333333333
2022-04-30,36,7220,367615.22000000003,50.48396666666667,47.413333333333334
2022-04-30,37,7218,370058.43,51.47099999999999,47.32333333333334
2022-04-30,38,7239,373706.35000000003,51.44583333333334,47.90333333333333
2022-04-30,39,7066,354990.29,50.341166666666666,45.64333333333333
2022-04-30,40,7186,377786.71,52.0775,47.736666666666665
2022-04-30,41,7239,397412.72,54.63746666666667,45.529999999999994
2022-04-30,42,7083,372291.37,52.31133333333334,47.36333333333333
2022-04-30,43,7315,392762.63,53.339133333333336,46.446666666666665
2022-04-30,44,7203,386555.97,53.83776666666667,47.31333333333333
2022-04-30,45,7331,390080.43,53.11313333333334,45.36333333333333
2022-04-30,46,7327,378527.36,51.947466666666664,47.986666666666665
2022-04-30,47,7520,406516.41000000003,54.25333333333333,48.13333333333333
2022-04-30,48,7251,387798.58,54.108333333333334,46.71333333333333
2022-04-30,49,7147,357692.7,50.54643333333333,47.17999999999999
2022-04-30,50,7145,378218.88,53.3975,47.8
2022-05-31,1,7226,382648.0,53.01358064516129,45.86451612903225
2022-05-31,2,7269,373449.69,52.11503225806452,46.47741935483871
2022-05-31,3,7237,377180.08,52.221322580645165,46.20967741935483
2022-05-31,4,7174,355083.32999999996,49.4368064516129,46.667741935483875
2022-05-31,5,7301,404107.69,55.20593548387096,46.093548387096774
2022-05-31,6,7117,366169.11,51.897129032258064,45.6258064516129
2022-05-31,7,7158,377625.5,52.393451612903235,45.31612903225806
2022-05-31,8,7162,380793.82,53.47841935483871,46.50322580645161
2022-05-31,9,7261,371272.23,51.081709677419354,46.52903225806452
2022-05-31,10,7406,394209.1,53.29616129032259,45.119354838709675
2022-05-31,11,7309,372124.23,51.13280645161291,46.225806451612904
2022-05-31,12,7201,389953.27,53.99754838709678,46.13548387096774
2022-05-31,13,7394,399286.09,53.80951612903226,45.84516129032258
2022-05-31,14,7434,384412.65,51.33635483870968,45.748387096774195
2022-05-31,15,7227,368989.58,51.50977419354839,45.677419354838705
2022-05-31,16,7374,404213.22,54.79648387096775,47.57741935483871
2022-05-31,17,7209,379346.94,52.794258064516136,45.53225806451613
2022-05-31,18,7149,359118.92,50.588,45.70645161290322
2022-05-31,19,7274,376309.04000000004,51.87935483870967,46.80322580645161
2022-05-31,20,7257,389546.46,53.84541935483871,47.43225806451613
2022-05-31,21,7272,404091.10000000003,55.62635483870967,44.8741935483871
2022-05-31,22,7106,362084.36,51.15848387096774,45.670967741935485
2022-05-31,23,7223,389142.87,53.854935483870975,45.76774193548387
2022-05-31,24,7261,390136.58,53.75454838709677,45.14516129032258
2022-05-31,25,7315,395573.24,53.986935483870965,46.693548387096776
2022-05-31,26,7184,374984.02999999997,52.82329032258065,45.16451612903226
2022-05-31,27,7232,382204.18,52.57032258064517,45.89032258064516
2022-05-31,28,7193,379667.63,52.74751612903226,47.57741935483871
2022-05-31,29,7230,388139.98,54.0951935483871,45.97096774193549
2022-05-31,30,7181,378607.55000000005,53.226032258064514,46.19032258064516
2022-05-31,31,7173,365984.12,50.69058064516129,43.3
2022-05-31,32,7399,388047.73,52.06193548387097,45.94516129032258
2022-05-31,33,7258,377902.43,52.57361290322581,45.483870967741936
2022-05-31,34,7211,376625.35,51.88209677419354,45.693548387096776
2022-05-31,35,7323,367900.23,50.28387096774193,46.7
2022-05-31,36,7276,386641.35000000003,52.93993548387097,46.93225806451613
2022-05-31,37,7236,367130.54,51.19967741935484,46.94516129032258
2022-05-31,38,7257,400380.35,54.95341935483871,46.725806451612904
2022-05-31,39,7236,360524.20999999996,50.18458064516129,46.23225806451613
2022-05-31,40,7228,371220.61,52.05483870967741,46.941935483870964
2022-05-31,41,7191,360060.08999999997,50.60493548387097,45.680645161290315
2022-05-31,42,7233,384308.03,53.21980645161291,45.86774193548387
2022-05-31,43,7172,369729.3,50.730774193548385,44.987096774193546
2022-05-31,44,7222,362308.61,50.259,46.08064516129032
2022-05-31,45,7215,366390.95,50.749709677419354,46.39677419354838
2022-05-31,46,7247,373938.1,51.43032258064517,47.038709677419355
2022-05-31,47,7302,378462.96,52.025774193548386,46.81290322580645
2022-05-31,48,7357,393116.12,53.020483870967745,46.75483870967742
2022-05-31,49,7164,371438.27,51.72003225806452,46.1
2022-05-31,50,7249,354995.06,48.915677419354836,45.63548387096775
2022-06-30,1,6731,352717.07,52.6028,43.78333333333333
2022-06-30,2,6799,344627.9,50.62793333333333,45.87
2022-06-30,3,6615,343307.56,51.845533333333336,44.13
2022-06-30,4,6651,358467.84,53.278733333333335,45.023333333333326
2022-06-30,5,6538,346976.63,53.16773333333333,45.346666666666664
2022-06-30,6,6794,352596.87,52.5253,45.83333333333333
2022-06-30,7,6613,336064.72,50.95806666666667,44.3
2022-06-30,8,6662,353201.74,52.960966666666664,45.339999999999996
2022-06-30,9,6534,345611.9,52.13553333333333,44.989999999999995
2022-06-30,10,6709,334865.04,50.3288,44.92666666666666
2022-06-30,11,6624,365174.65,55.346333333333334,45.18666666666666
2022-06-30,12,6664,358121.33,53.68086666666667,41.68333333333333
2022-06-30,13,6659,354688.01,53.62413333333334,44.28
2022-06-30,14,6653,349260.74,52.82883333333333,43.769999999999996
2022-06-30,15,6746,358843.08,53.22196666666666,44.65
2022-06-30,16,6676,353893.13,53.015,42.733333333333334
2022-06-30,17,6724,366906.02,54.44449999999999,42.589999999999996
2022-06-30,18,6574,350446.52,52.989733333333334,45.28666666666667
2022-06-30,19,6661,354454.12,53.67530000000001,44.803333333333335
2022-06-30,20,6601,346207.79000000004,53.025400000000005,47.38
2022-06-30,21,6726,361539.67,54.315099999999994,44.39666666666667
2022-06-30,22,6577,346466.18,52.70119999999999,44.96666666666666
2022-06-30,23,6630,363467.20999999996,54.583299999999994,43.96666666666667
2022-06-30,24,6635,318586.19,48.07216666666666,44.85666666666667
2022-06-30,25,6661,352136.74,52.85260000000001,43.79666666666667
2022-06-30,26,6726,348788.66000000003,52.37636666666667,44.94
2022-06-30,27,6667,354799.89,53.315766666666676,46.736666666666665
2022-06-30,28,6567,368702.58,55.348866666666666,45.013333333333335
2022-06-30,29,6650,349751.47,51.78893333333333,45.81333333333333
2022-06-30,30,6591,337749.27,51.699333333333335,44.86333333333333
2022-06-30,31,6611,362029.57,54.748400000000004,43.25
2022-06-30,32,6790,351657.43,51.61476666666666,47.28666666666667
2022-06-30,33,6699,349143.0,51.99603333333333,44.440000000000005
2022-06-30,34,6849,362428.48,53.18723333333334,44.21333333333333
2022-06-30,35,6755,351454.39999999997,52.4711,44.14666666666666
2022-06-30,36,6672,358273.95,52.8919,44.92
2022-06-30,37,6745,355174.79,52.1717,45.57
2022-06-30,38,6602,331319.76,50.0982,45.43666666666667
2022-06-30,39,6666,343607.63,51.7962,44.78333333333333
2022-06-30,40,6637,323017.06,48.61703333333334,45.32333333333333
2022-06-30,41,6537,351300.54,53.69403333333334,43.86
2022-06-30,42,6547,351825.68,54.369600000000005,44.269999999999996
2022-06-30,43,6663,345822.06,52.435766666666666,44.166666666666664
2022-06-30,44,6563,349603.97,53.321866666666665,44.68333333333333
2022-06-30,45,6592,357718.62,53.6631,41.973333333333336
2022-06-30,46,6810,353382.31,52.368633333333335,44.78666666666667
2022-06-30,47,6651,335869.41000000003,50.969366666666666,45.843333333333334
2022-06-30,48,6739,356917.73,53.2506,46.75666666666667
2022-06-30,49,6512,339361.74,52.709466666666664,44.626666666666665
2022-06-30,50,6554,346296.75,52.93053333333334,44.61
2022-07-31,1,6410,340901.45,52.6908064516129,45.02258064516129
2022-07-31,2,6183,333000.11,53.41012903225807,44.332258064516125
2022-07-31,3,6348,325270.9,51.335193548387096,42.593548387096774
2022-07-31,4,6287,313063.56,50.0373870967742,42.87741935483871
2022-07-31,5,6234,326205.37,52.47377419354839,42.403225806451616
2022-07-31,6,6253,341586.95,54.48009677419354,44.2
2022-07-31,7,6171,335483.17,54.015,44.05483870967742
2022-07-31,8,6291,338576.60000000003,53.19445161290323,43.351612903225806
2022-07-31,9,6314,342274.52,54.076258064516125,44.9
2022-07-31,10,6195,320660.78,52.19022580645161,42.170967741935485
2022-07-31,11,6085,319374.3,52.14851612903226,42.76774193548387
2022-07-31,12,6341,334602.49,53.234419354838714,42.35806451612903
2022-07-31,13,6329,347167.64,54.4011935483871,42.41290322580645
2022-07-31,14,6317,323521.5,50.20551612903226,43.148387096774194
2022-07-31,15,6215,340579.65,53.954645161290316,43.41935483870968
2022-07-31,16,6408,335465.74,52.52590322580645,43.05806451612903
2022-07-31,17,6382,317781.33,49.917903225806455,45.66129032258065
2022-07-31,18,6228,321555.7,51.52941935483871,42.6
2022-07-31,19,6250,328757.02999999997,52.83370967741936,43.40967741935484
2022-07-31,20,6080,323644.62,53.02770967741935,41.564516129032256
2022-07-31,21,6293,338673.27,54.07470967741936,43.25483870967742
2022-07-31,22,6313,335941.52,53.134838709677425,42.83548387096774
2022-07-31,23,6264,340491.65,54.22261290322581,45.564516129032256
2022-07-31,24,6224,334802.74,53.87216129032258,43.29354838709678
2022-07-31,25,6387,339488.59,53.41367741935484,44.5
2022-07-31,26,6343,311752.7,49.17612903225806,44.3
2022-07-31,27,6315,328228.61,51.76583870967742,41.4
2022-07-31,28,6206,318393.37,51.765419354838706,42.19677419354839
2022-07-31,29,6209,308614.46,49.85048387096774,42.593548387096774
2022-07-31,30,6223,333065.37,53.751774193548385,43.5258064516129
2022-07-31,31,6316,329449.91000000003,52.1691935483871,43.86451612903225
2022-07-31,32,6221,322991.65,51.13041935483871,42.64516129032258
2022-07-31,33,6352,324702.37,50.60203225806452,42.596774193548384
2022-07-31,34,6260,324726.75,52.355483870967745,42.49677419354839
2022-07-31,35,6399,347289.54,54.47748387096774,43.08709677419355
2022-07-31,36,6304,316596.42,50.05167741935484,45.33548387096774
2022-07-31,37,6204,323574.5,52.64822580645161,42.39354838709677
2022-07-31,38,6237,337369.35,53.89277419354839,44.00967741935484
2022-07-31,39,6159,310269.74,50.347741935483874,42.325806451612905
2022-07-31,40,6203,322093.82,50.761645161290325,42.29354838709678
2022-07-31,41,6203,334412.28,53.237806451612904,41.71612903225806
2022-07-31,42,6192,318820.2,51.138225806451615,43.25483870967742
2022-07-31,43,6141,329925.23,53.08370967741935,42.20322580645161
2022-07-31,44,6348,335270.0,52.458935483870974,41.38709677419355
2022-07-31,45,6371,332172.99,51.30096774193548,44.19677419354839
2022-07-31,46,6343,345444.5,54.61409677419355,43.29677419354839
2022-07-31,47,6349,345603.23,53.828548387096774,43.093548387096774
2022-07-31,48,6166,328948.58,53.19558064516129,43.37096774193548
2022-07-31,49,6303,327049.33,52.07358064516129,41.751612903225805
2022-07-31,50,6191,341795.77,55.101032258064514,41.18064516129032
2022-08-31,1,5441,286116.6,52.49564516129033,40.83870967741935
2022-08-31,2,5573,311932.73,55.681322580645165,41.78387096774193
2022-08-31,3,5558,309376.20999999996,55.54161290322581,39.97096774193548
2022-08-31,4,5605,308028.1,55.32183870967742,40.30322580645161
2022-08-31,5,5627,280399.11,49.531290322580645,39.89354838709677
2022-08-31,6,5742,306065.16,53.027967741935484,41.4258064516129
2022-08-31,7,5643,293895.95,51.692677419354844,41.06774193548387
2022-08-31,8,5664,294053.02,52.33377419354839,40.84193548387096
2022-08-31,9,5615,287137.02,51.07393548387097,40.11290322580645
2022-08-31,10,5587,284201.35,50.854129032258065,41.13870967741936
2022-08-31,11,5550,287964.24,51.59354838709677,40.9258064516129
2022-08-31,12,5489,274505.92,49.748709677419356,40.71612903225806
2022-08-31,13,5612,303614.19,53.451580645161286,41.151612903225804
2022-08-31,14,5673,296460.12,52.29796774193549,41.54516129032258
2022-08-31,15,5500,302923.44,55.508967741935486,40.438709677419354
2022-08-31,16,5618,303918.71,54.47235483870968,41.92903225806451
2022-08-31,17,5595,286640.07,51.26225806451613,40.52258064516129
2022-08-31,18,5668,297471.71,52.73516129032258,41.87741935483871
2022-08-31,19,5621,287843.66,51.11232258064516,40.380645161290325
2022-08-31,20,5637,297508.09,53.12245161290323,41.71935483870968
2022-08-31,21,5575,286568.35,51.52458064516129,40.722580645161294
2022-08-31,22,5528,286132.0,51.6988064516129,40.1
2022-08-31,23,5608,283587.39,50.459258064516135,39.851612903225806
2022-08-31,24,5492,288710.12,53.26303225806451,40.45806451612903
2022-08-31,25,5535,280304.59,51.0681935483871,41.62903225806451
2022-08-31,26,5745,291533.89,50.92835483870968,40.325806451612905
2022-08-31,27,5542,283117.75,51.46683870967742,37.60322580645161
2022-08-31,28,5558,288660.67,52.18687096774194,41.00967741935484
2022-08-31,29,5696,296034.0,51.55083870967742,40.82258064516129
2022-08-31,30,5670,310739.05,54.947806451612905,40.148387096774194
2022-08-31,31,5669,291872.31,50.77651612903226,41.94516129032258
2022-08-31,32,5557,296369.86,53.424032258064514,41.4258064516129
2022-08-31,33,5666,301779.26,53.50761290322581,40.76451612903226
2022-08-31,34,5562,299711.19,53.94196774193548,41.20967741935484
2022-08-31,35,5523,289371.09,52.308838709677424,40.11290322580645
2022-08-31,36,5561,304814.52,54.67354838709677,41.32258064516129
2022-08-31,37,5667,275734.01,48.69174193548387,40.148387096774194
2022-08-31,38,5570,304976.99,55.65583870967741,40.467741935483865
2022-08-31,39,5459,308627.25,56.564032258064515,39.86129032258064
2022-08-31,40,5660,288819.25,50.50083870967742,41.77096774193548
2022-08-31,41,5699,290531.16,51.879935483870966,42.47096774193548
2022-08-31,42,5620,292320.06,51.55303225806451,39.277419354838706
2022-08-31,43,5721,309801.69,53.08193548387097,41.96774193548387
2022-08-31,44,5656,273327.05,48.6711935483871,41.225806451612904
2022-08-31,45,5688,302453.75,53.03583870967742,40.84838709677419
2022-08-31,46,5696,283312.2,49.89877419354839,41.18064516129032
2022-08-31,47,5608,306115.77,53.97009677419355,41.019354838709674
2022-08-31,48,5555,293562.75,52.80587096774193,41.29032258064516
2022-08-31,49,5544,288891.5,53.00312903225806,37.71290322580645
2022-08-31,50,5660,299865.9,53.33696774193548,41.1258064516129
2022-09-30,1,4897,253345.84,52.07313333333333,38.83
2022-09-30,2,4943,250014.26,50.57116666666667,37.82333333333334
2022-09-30,3,4995,252858.11000000002,50.38113333333333,39.46333333333333
2022-09-30,4,4862,253388.3,52.56603333333332,39.08
2022-09-30,5,4899,264147.33,54.20856666666666,39.32
2022-09-30,6,4892,263631.41,53.86666666666666,38.236666666666665
2022-09-30,7,4864,254149.51,52.0484,39.85
2022-09-30,8,4918,253196.85,51.10573333333333,39.156666666666666
2022-09-30,9,5091,273717.55,53.630633333333336,40.25
2022-09-30,10,4926,248983.61,49.925133333333335,40.8
2022-09-30,11,4930,253999.93,51.91173333333334,39.839999999999996
2022-09-30,12,4934,264795.82,53.52596666666666,39.696666666666665
2022-09-30,13,5111,265978.15,51.69596666666666,40.56666666666666
2022-09-30,14,4899,258808.13,52.63616666666667,38.54666666666667
2022-09-30,15,4988,257404.25,51.42703333333334,39.656666666666666
2022-09-30,16,5045,253734.06,50.90773333333333,39.239999999999995
2022-09-30,17,4977,252244.99,50.749700000000004,39.6
2022-09-30,18,4925,261672.59,52.258966666666666,40.97666666666667
2022-09-30,19,4978,264642.21,52.95296666666667,39.42333333333333
2022-09-30,20,5029,277895.07,55.32566666666666,40.10666666666667
2022-09-30,21,4911,265066.66000000003,54.082966666666664,40.49333333333333
2022-09-30,22,5042,267169.41000000003,53.46336666666666,39.87
2022-09-30,23,5027,272602.25,53.73883333333333,39.70333333333333
2022-09-30,24,4867,244752.57,50.33896666666667,39.49333333333333
2022-09-30,25,4985,260216.28,52.258500000000005,39.38
2022-09-30,26,4942,255000.67,50.89033333333334,40.28333333333333
2022-09-30,27,4909,255995.73,51.57533333333333,37.5
2022-09-30,28,4948,255988.88,51.343133333333334,41.343333333333334
2022-09-30,29,4896,266401.22,54.09573333333333,38.910000000000004
2022-09-30,30,4793,261356.83000000002,54.48983333333333,38.20666666666666
2022-09-30,31,4958,260122.38,52.664300000000004,40.49666666666666
2022-09-30,32,4898,262718.63,53.716100000000004,38.17666666666666
2022-09-30,33,4928,262481.05,52.577999999999996,39.42666666666666
2022-09-30,34,4857,264806.2,54.134699999999995,39.026666666666664
2022-09-30,35,4993,252143.88,50.1091,39.3
2022-09-30,36,4926,249693.18,51.291066666666666,38.50666666666667
2022-09-30,37,5049,270466.32,54.03126666666667,41.35666666666667
2022-09-30,38,4952,264086.28,52.86543333333333,39.81333333333333
2022-09-30,39,4917,263036.56,53.38426666666667,38.13666666666667
2022-09-30,40,4898,251620.81,51.94716666666667,37.733333333333334
2022-09-30,41,4935,253549.62,50.579233333333335,39.30333333333333
2022-09-30,42,4827,256868.66,52.453633333333336,38.03666666666667
2022-09-30,43,5011,275183.85,55.046033333333334,38.913333333333334
2022-09-30,44,5008,265104.6,52.83443333333334,38.64
2022-09-30,45,4853,253671.41,52.71246666666666,38.769999999999996
2022-09-30,46,4882,277619.95,55.747633333333326,38.373333333333335
2022-09-30,47,4952,271656.24,54.66263333333334,40.67666666666666
2022-09-30,48,5000,257685.79,50.83936666666666,40.61333333333333
2022-09-30,49,4964,252049.54,51.03373333333333,39.35666666666667
2022-09-30,50,4928,262876.11,53.721333333333334,38.946666666666665
2022-10-31,1,4861,252306.23,51.84941935483871,39.07741935483871
2022-10-31,2,4948,259249.04,52.53890322580645,39.170967741935485
2022-10-31,3,4917,272904.41,55.22970967741935,39.122580645161285
2022-10-31,4,4971,265281.49,52.95177419354839,37.38387096774194
2022-10-31,5,4843,251858.06,52.00977419354839,39.64193548387097
2022-10-31,6,5028,259791.4,52.057354838709685,38.12258064516129
2022-10-31,7,4939,242301.31,49.43009677419355,38.08387096774193
2022-10-31,8,4924,267306.45,53.813967741935485,38.593548387096774
2022-10-31,9,4867,248725.34,50.7878064516129,38.62903225806451
2022-10-31,10,5161,269863.12,52.04829032258065,37.2
2022-10-31,11,5041,263682.49,52.883741935483876,37.36774193548387
2022-10-31,12,4789,247091.13,51.23164516129032,38.71612903225806
2022-10-31,13,4951,279054.42,55.90935483870968,36.68064516129032
2022-10-31,14,4880,257878.5,52.8825806451613,39.351612903225806
2022-10-31,15,5029,254179.41,51.63354838709678,38.70645161290322
2022-10-31,16,5053,266221.73,52.89654838709678,39.91290322580645
2022-10-31,17,4986,266680.55,53.31832258064516,40.34516129032258
2022-10-31,18,5073,265369.08999999997,52.4378064516129,39.57096774193548
2022-10-31,19,5011,272966.86,54.374096774193546,39.438709677419354
2022-10-31,20,4920,257851.1,52.65454838709678,38.63225806451613
2022-10-31,21,4866,253508.77,51.884,39.08064516129032
2022-10-31,22,4991,258430.82,52.345000000000006,39.064516129032256
2022-10-31,23,4987,268761.08999999997,52.73090322580644,39.064516129032256
2022-10-31,24,4872,251820.28,51.35409677419354,39.490322580645156
2022-10-31,25,4950,264743.08,53.422645161290326,36.96774193548387
2022-10-31,26,4936,268022.2,54.10312903225806,38.26129032258065
2022-10-31,27,4987,253947.78,50.392548387096774,38.39354838709677
2022-10-31,28,4879,250127.72,51.314032258064515,39.20967741935484
2022-10-31,29,4916,250013.96,50.92325806451613,38.54516129032258
2022-10-31,30,5066,269091.98,53.249870967741934,38.62903225806452
2022-10-31,31,5138,271312.81,53.31654838709677,39.73870967741935
2022-10-31,32,4858,242787.0,50.06358064516129,37.54193548387097
2022-10-31,33,4917,266359.29,54.223612903225806,38.0741935483871
2022-10-31,34,5052,263379.23,52.40025806451613,37.5258064516129
2022-10-31,35,4909,257364.13999999998,53.216193548387096,37.89677419354838
2022-10-31,36,5053,268312.84,52.71548387096774,39.44516129032258
2022-10-31,37,4969,247804.69,50.63329032258064,40.44516129032258
2022-10-31,38,5145,270077.21,52.00532258064516,39.55806451612903
2022-10-31,39,5056,263265.85,52.29064516129032,39.63225806451613
2022-10-31,40,4906,263527.76,53.74954838709677,37.538709677419355
2022-10-31,41,4975,271044.53,54.43877419354838,39.435483870967744
2022-10-31,42,4997,281409.35,56.28416129032259,38.39677419354838
2022-10-31,43,4849,251724.43,51.792451612903236,38.196774193548386
2022-10-31,44,4901,263864.08,53.31929032258065,38.093548387096774
2022-10-31,45,5060,271075.89,52.61990322580645,37.86129032258064
2022-10-31,46,4928,261056.94,53.67116129032259,37.461290322580645
2022-10-31,47,5015,256694.79,51.57193548387097,39.351612903225806
2022-10-31,48,5059,264304.69,51.922161290322585,39.4483870967742
2022-10-31,49,4996,258295.78,51.225032258064516,38.26774193548387
2022-10-31,50,4856,262338.77,54.21148387096774,37.990322580645156
2022-11-30,1,4929,263449.18,53.627533333333325,39.95333333333333
2022-11-30,2,4998,249535.48,50.32286666666666,37.39333333333333
2022-11-30,3,4999,269389.6,53.6708,40.19
2022-11-30,4,4933,264132.28,53.58546666666666,40.526666666666664
2022-11-30,5,4924,264210.7,53.401666666666664,38.52333333333333
2022-11-30,6,4932,258911.16,52.27836666666667,39.510000000000005
2022-11-30,7,4810,236727.49,49.57673333333334,39.25
2022-11-30,8,5026,270943.34,53.4535,40.12
2022-11-30,9,4911,253557.3,52.13023333333333,39.486666666666665
2022-11-30,10,4888,261971.35,54.17333333333333,38.68333333333333
2022-11-30,11,4924,254331.41999999998,52.0268,38.519999999999996
2022-11-30,12,5195,273776.94,52.994933333333336,39.43666666666667
2022-11-30,13,5084,271199.9,53.28793333333333,38.89
2022-11-30,14,4975,274200.53,55.28766666666667,38.18
2022-11-30,15,4979,249466.04,50.0553,39.45333333333333
2022-11-30,16,4839,260286.29,53.89566666666667,38.4
2022-11-30,17,4926,263688.11,53.06763333333333,38.336666666666666
2022-11-30,18,4899,246674.92,50.218833333333336,39.65
2022-11-30,19,4983,264295.77,52.12893333333333,39.18
2022-11-30,20,5003,268068.6,52.5861,39.85
2022-11-30,21,5017,268462.57,52.710366666666665,40.79333333333333
2022-11-30,22,4802,262473.75,54.50053333333333,39.46333333333333
2022-11-30,23,4926,242848.09,49.07993333333333,39.84666666666667
2022-11-30,24,4971,257942.51,51.77973333333333,39.08
2022-11-30,25,5003,267756.18,53.34506666666666,39.489999999999995
2022-11-30,26,4933,277152.42,55.70726666666667,39.709999999999994
2022-11-30,27,4968,240559.16,48.475,37.56666666666666
2022-11-30,28,5057,261724.65,52.06586666666667,40.480000000000004
2022-11-30,29,5000,260429.63,52.03843333333333,39.80333333333333
2022-11-30,30,5001,261282.14,52.29796666666666,39.13666666666667
2022-11-30,31,4913,258715.81,52.4833,38.64
2022-11-30,32,4980,261957.47,52.65220000000001,38.059999999999995
2022-11-30,33,4901,272057.29,55.129999999999995,38.60333333333333
2022-11-30,34,5007,269223.71,53.79326666666666,38.10666666666667
2022-11-30,35,4844,251440.51,52.00256666666667,39.806666666666665
2022-11-30,36,4969,267031.04,53.70066666666666,37.56333333333333
2022-11-30,37,5016,272968.15,54.759100000000004,40.07
2022-11-30,38,4968,262502.72,52.85223333333333,39.55
2022-11-30,39,5058,272124.94,54.7543,39.413333333333334
2022-11-30,40,5073,257977.07,52.11153333333333,38.75333333333333
2022-11-30,41,4869,267776.71,54.33883333333333,39.196666666666665
2022-11-30,42,5025,263765.85,52.863366666666664,40.63333333333333
2022-11-30,43,4979,270371.18,53.406533333333336,39.910000000000004
2022-11-30,44,4988,273455.43,54.872633333333326,39.160000000000004
2022-11-30,45,4936,267353.78,53.72773333333333,39.47333333333333
2022-11-30,46,4952,257948.08,51.482033333333334,39.693333333333335
2022-11-30,47,4983,268641.18,54.391466666666666,41.39
2022-11-30,48,4930,257972.27,52.141466666666666,39.31
2022-11-30,49,4912,257035.8,52.67753333333333,39.519999999999996
2022-11-30,50,4991,254720.86000000002,50.65623333333333,39.480000000000004
2022-12-31,1,5603,286700.15,51.47212903225807,40.3741935483871
2022-12-31,2,5608,298483.12,53.42196774193549,42.351612903225806
2022-12-31,3,5556,293252.2,52.91864516129033,40.18064516129032
2022-12-31,4,5625,287165.11,51.968806451612906,40.677419354838705
2022-12-31,5,5659,295870.12,52.59406451612904,41.722580645161294
2022-12-31,6,5548,285290.27,51.74583870967742,41.52258064516129
2022-12-31,7,5469,285936.49,52.553451612903224,41.190322580645166
2022-12-31,8,5654,295513.79,52.47054838709678,40.1258064516129
2022-12-31,9,5590,301008.29,53.488677419354836,42.16774193548387
2022-12-31,10,5548,299374.21,54.15948387096775,40.71935483870968
2022-12-31,11,5657,285035.91000000003,50.56761290322581,39.4
2022-12-31,12,5647,296709.68,52.6286129032258,40.8
2022-12-31,13,5594,287647.55,51.07677419354839,41.43225806451613
2022-12-31,14,5545,297658.88,53.706387096774186,41.167741935483875
2022-12-31,15,5482,284187.57,51.4611935483871,40.829032258064515
2022-12-31,16,5463,293617.48,53.64464516129033,39.87741935483871
2022-12-31,17,5574,296564.43,53.4675806451613,41.39032258064516
2022-12-31,18,5653,293947.05,51.45870967741936,42.248387096774195
2022-12-31,19,5577,302407.81,54.42677419354838,40.50322580645161
2022-12-31,20,5782,310208.73,53.73454838709678,41.30967741935484
2022-12-31,21,5730,296837.85,51.68567741935484,41.34838709677419
2022-12-31,22,5716,284063.41,49.93,41.938709677419354
2022-12-31,23,5701,302736.4,53.257354838709674,39.92258064516129
2022-12-31,24,5491,276878.31,50.78938709677419,40.096774193548384
2022-12-31,25,5686,303946.94,53.63958064516129,40.193548387096776
2022-12-31,26,5690,286938.27,50.968774193548384,41.20322580645161
2022-12-31,27,5654,282340.96,50.1151935483871,40.906451612903226
2022-12-31,28,5525,285520.06,51.505354838709685,40.25483870967742
2022-12-31,29,5643,291658.0,51.042741935483875,41.03225806451613
2022-12-31,30,5576,289306.29,52.36935483870968,41.25483870967742
2022-12-31,31,5574,298567.77,53.380225806451605,41.61612903225806
2022-12-31,32,5670,283225.69,50.23909677419355,40.78709677419355
2022-12-31,33,5720,304810.95999999996,53.002161290322576,41.016129032258064
2022-12-31,34,5635,299791.9,53.42293548387097,40.78709677419355
2022-12-31,35,5618,292476.09,52.21551612903225,39.80967741935484
2022-12-31,36,5515,285715.33,52.69735483870968,42.41935483870968
2022-12-31,37,5640,297664.94,52.34848387096774,41.15806451612903
2022-12-31,38,5644,291324.06,51.682419354838714,40.809677419354834
2022-12-31,39,5685,310686.36,54.3683870967742,41.4258064516129
2022-12-31,40,5568,293921.43,52.88787096774193,42.66129032258065
2022-12-31,41,5624,309549.1,54.94190322580645,40.43225806451613
2022-12-31,42,5615,293492.4,51.535645161290326,40.35483870967742
2022-12-31,43,5509,299634.39,54.10932258064516,40.119354838709675
2022-12-31,44,5633,302710.42,53.08845161290323,40.80967741935484
2022-12-31,45,5459,286700.6,53.099483870967745,39.39354838709677
2022-12-31,46,5529,282120.24,50.83683870967742,41.55483870967742
2022-12-31,47,5658,297315.68,52.55441935483871,40.58387096774193
2022-12-31,48,5520,287688.3,52.04632258064517,39.68064516129032
2022-12-31,49,5599,293080.7,52.80264516129032,40.92903225806451
2022-12-31,50,5698,302923.64,53.64038709677419,39.73225806451613
2023-01-31,1,6287,348379.84,54.383161290322576,42.464516129032255
2023-01-31,2,6298,331003.98,52.77303225806452,43.18709677419355
2023-01-31,3,6017,312467.66,51.562225806451615,42.541935483870965
2023-01-31,4,6355,346431.65,54.45319354838709,42.76129032258065
2023-01-31,5,6382,325412.33,50.98522580645161,44.983870967741936
2023-01-31,6,6301,329973.55,52.77458064516129,42.670967741935485
2023-01-31,7,6259,326744.99,52.04290322580645,41.177419354838705
2023-01-31,8,6292,327871.03,51.78774193548387,43.76129032258065
2023-01-31,9,6336,346699.87,55.06432258064516,42.71612903225807
2023-01-31,10,6416,352357.69,54.99593548387096,43.09032258064516
2023-01-31,11,6171,319518.79,52.02164516129032,41.14516129032258
2023-01-31,12,6327,349115.8,55.09248387096774,44.45806451612903
2023-01-31,13,6311,324039.39,51.553774193548385,43.4258064516129
2023-01-31,14,6348,346941.75,54.93316129032259,44.47096774193548
2023-01-31,15,6297,328875.61,52.64487096774194,43.41290322580645
2023-01-31,16,6356,323510.06,51.45661290322581,43.26451612903226
2023-01-31,17,6430,342116.82,53.08845161290323,43.73870967741935
2023-01-31,18,6236,344084.15,54.9417741935484,43.648387096774194
2023-01-31,19,6209,320638.58999999997,51.32464516129032,43.44516129032258
2023-01-31,20,6297,342852.55,53.87170967741936,44.35806451612903
2023-01-31,21,6328,333735.01,52.99341935483871,42.677419354838705
2023-01-31,22,6181,329974.67,53.261870967741935,43.71290322580645
2023-01-31,23,6210,339556.65,54.45803225806452,41.983870967741936
2023-01-31,24,6148,344419.16,55.722,43.693548387096776
2023-01-31,25,6328,334408.84,52.74319354838709,43.354838709677416
2023-01-31,26,6175,323112.63,52.23254838709678,42.79032258064516
2023-01-31,27,6316,333336.11,52.49858064516129,42.71612903225807
2023-01-31,28,6380,338360.82,52.49474193548387,42.777419354838706
2023-01-31,29,6347,311113.83,49.29767741935484,42.86774193548386
2023-01-31,30,6242,347653.43,55.373161290322585,41.854838709677416
2023-01-31,31,6311,332313.94,52.946548387096776,42.89354838709677
2023-01-31,32,6460,333049.3,51.665580645161285,42.95806451612903
2023-01-31,33,6279,333463.27,53.14038709677419,41.28064516129032
2023-01-31,34,6204,328964.74,53.265193548387096,41.87741935483871
2023-01-31,35,6350,330256.94,51.76183870967742,44.37096774193548
2023-01-31,36,6333,309864.76,48.64241935483871,43.651612903225804
2023-01-31,37,6424,313167.88,48.74745161290323,43.65483870967741
2023-01-31,38,6420,336155.27999999997,52.80332258064516,44.58709677419355
2023-01-31,39,6384,332505.52,52.78512903225807,43.81290322580645
2023-01-31,40,6387,331664.71,52.237645161290324,42.019354838709674
2023-01-31,41,6451,348024.79000000004,53.736225806451614,43.41290322580645
2023-01-31,42,6418,318204.41000000003,49.72177419354839,45.78064516129032
2023-01-31,43,6380,324152.0,51.80658064516128,43.46774193548387
2023-01-31,44,6261,328477.33999999997,52.069935483870964,42.093548387096774
2023-01-31,45,6314,322069.48,50.99274193548387,43.23870967741935
2023-01-31,46,6216,329071.94,52.91061290322581,43.79677419354839
2023-01-31,47,6187,316257.59,51.03354838709677,42.58709677419355
2023-01-31,48,6191,324942.91,52.62493548387097,43.63548387096775
2023-01-31,49,6376,341245.27,52.58712903225806,42.72903225806452
2023-01-31,50,6275,326448.87,52.09974193548387,42.73870967741935
2023-02-28,1,6134,310458.08,50.88010714285714,45.43571428571429
2023-02-28,2,6005,330203.53,54.79375,43.4
2023-02-28,3,6139,309623.92,50.88767857142857,43.475
2023-02-28,4,5983,315493.4,53.21725,44.36785714285714
2023-02-28,5,6190,321459.07,51.58535714285714,46.142857142857146
2023-02-28,6,6091,315212.77,51.186035714285715,43.78928571428572
2023-02-28,7,6021,315243.10000000003,52.94446428571429,46.275
2023-02-28,8,6054,296054.31,50.03039285714286,44.503571428571426
2023-02-28,9,6141,305848.29,50.04503571428572,42.778571428571425
2023-02-28,10,6262,312930.98,49.994214285714285,46.46071428571429
2023-02-28,11,6097,317912.35,52.11367857142858,43.80357142857143
2023-02-28,12,5993,296903.13,49.69832142857143,43.93928571428572
2023-02-28,13,6209,331878.25,52.57053571428571,43.25714285714285
2023-02-28,14,6211,332558.71,53.793321428571424,45.357142857142854
2023-02-28,15,6053,324207.02,53.220142857142854,45.26428571428572
2023-02-28,16,6063,326035.02,53.77632142857143,45.35
2023-02-28,17,5912,307312.04,51.715535714285714,44.55
2023-02-28,18,6116,322880.11,52.30971428571429,43.239285714285714
2023-02-28,19,6213,348419.76,56.30671428571428,44.71071428571429
2023-02-28,20,6080,334628.85,54.58085714285714,43.73571428571429
2023-02-28,21,5969,300469.61,50.58960714285714,44.667857142857144
2023-02-28,22,6019,304423.95,50.86450000000001,43.442857142857136
2023-02-28,23,6192,315671.99,51.016035714285714,45.92857142857143
2023-02-28,24,6116,319165.75,52.06875,45.528571428571425
2023-02-28,25,6096,323940.88,53.154714285714284,45.121428571428574
2023-02-28,26,6142,324904.17,52.86514285714286,44.08571428571429
2023-02-28,27,6043,313468.58,52.031035714285714,43.482142857142854
2023-02-28,28,6163,315909.64,50.968107142857136,42.7
2023-02-28,29,5967,309063.14,51.482107142857146,43.02142857142857
2023-02-28,30,5911,300956.27,51.472071428571425,45.746428571428574
2023-02-28,31,6189,339151.97,54.991035714285715,44.91428571428571
2023-02-28,32,5990,316360.35,52.162392857142855,44.396428571428565
2023-02-28,33,6150,320694.63,52.20453571428571,45.28214285714286
2023-02-28,34,6068,325087.16000000003,53.51303571428572,45.31071428571429
2023-02-28,35,6215,310211.52,49.877428571428574,44.91428571428572
2023-02-28,36,6079,317749.24,52.17367857142857,45.15
2023-02-28,37,6057,326620.21,54.067035714285716,44.00714285714285
2023-02-28,38,6080,327901.57,53.813,44.06785714285714
2023-02-28,39,6162,329342.83,53.83299999999999,44.15
2023-02-28,40,6198,315908.44,50.95446428571428,44.19642857142857
2023-02-28,41,6016,298169.18,50.07760714285714,42.86071428571429
2023-02-28,42,6098,327734.05,53.24260714285714,44.09285714285714
2023-02-28,43,6177,323327.27999999997,52.35617857142857,45.78928571428571
2023-02-28,44,6037,329749.7,54.800714285714285,42.52857142857143
2023-02-28,45,6105,328018.1,54.425892857142856,44.57142857142857
2023-02-28,46,6182,322996.8,52.170678571428574,43.28214285714286
2023-02-28,47,6198,331088.3,53.167607142857136,44.65714285714286
2023-02-28,48,6097,325274.73,53.47285714285715,43.54642857142857
2023-02-28,49,6200,334726.33,54.15442857142857,45.096428571428575
2023-02-28,50,6132,320726.87,52.5715,43.510714285714286
2023-03-31,1,7308,361999.91,50.16109677419355,45.53225806451613
2023-03-31,2,7249,380971.09,52.338096774193545,46.81612903225806
2023-03-31,3,7480,399447.36,53.94148387096774,44.02258064516129
2023-03-31,4,7159,354128.29,50.188,44.83548387096774
2023-03-31,5,7306,383425.85,52.677354838709675,46.670967741935485
2023-03-31,6,7254,376807.64,52.277096774193545,45.11290322580645
2023-03-31,7,7247,380321.0,52.516741935483864,45.76129032258065
2023-03-31,8,7250,378709.63,52.37690322580645,47.45161290322581
2023-03-31,9,7273,383564.87,53.13190322580645,45.53225806451613
2023-03-31,10,7267,376289.0,52.15070967741936,45.49677419354839
2023-03-31,11,7324,381075.91,52.557258064516134,45.70967741935483
2023-03-31,12,7227,381477.83999999997,52.64303225806451,46.651612903225804
2023-03-31,13,7439,378463.27,50.87767741935484,46.225806451612904
2023-03-31,14,7317,376588.08,51.15909677419355,44.170967741935485
2023-03-31,15,7427,395314.14,53.29258064516129,45.480645161290326
2023-03-31,16,7358,397647.05,54.36529032258064,45.94516129032258
2023-03-31,17,7275,389398.57,53.10564516129032,45.05806451612903
2023-03-31,18,7514,383724.83,51.435580645161295,45.59032258064516
2023-03-31,19,7255,360985.0,50.324,46.81290322580645
2023-03-31,20,7284,374534.13,51.71364516129032,46.825806451612905
2023-03-31,21,7274,385873.63,52.571548387096776,45.60645161290323
2023-03-31,22,7328,382817.1,52.17641935483871,46.73870967741935
2023-03-31,23,7260,389196.76,54.179419354838714,47.42903225806451
2023-03-31,24,7222,384819.14,53.23516129032258,45.438709677419354
2023-03-31,25,7293,382398.88,52.27774193548387,46.79354838709678
2023-03-31,26,7239,384917.73,52.9711935483871,45.58709677419355
2023-03-31,27,7272,387311.98,53.45538709677419,46.60322580645162
2023-03-31,28,7343,392161.07,53.528354838709674,46.351612903225806
2023-03-31,29,7257,381564.22,52.165258064516124,45.46774193548387
2023-03-31,30,7196,385245.20999999996,53.48229032258065,44.95483870967742
2023-03-31,31,7275,376835.58,51.91764516129032,45.58709677419355
2023-03-31,32,7340,394483.23,53.80822580645162,47.093548387096774
2023-03-31,33,7419,380262.04,51.417354838709684,47.964516129032255
2023-03-31,34,7184,384145.51,53.0934193548387,46.29354838709678
2023-03-31,35,7390,385358.74,51.45445161290322,46.0516129032258
2023-03-31,36,7294,371260.6,51.19516129032258,45.65806451612903
2023-03-31,37,7131,370160.88,52.2063870967742,44.277419354838706
2023-03-31,38,7349,394744.14,53.327129032258064,48.009677419354844
2023-03-31,39,7412,388654.72,52.500032258064515,46.79677419354839
2023-03-31,40,7255,363691.55,50.30916129032258,45.151612903225804
2023-03-31,41,7223,371475.9,51.92516129032258,45.619354838709675
2023-03-31,42,7246,390327.82,53.955161290322586,47.57741935483871
2023-03-31,43,7222,368527.33,51.17464516129032,45.05806451612903
2023-03-31,44,7416,408622.59,54.79487096774194,45.119354838709675
2023-03-31,45,7237,375869.64,52.58225806451613,47.7
2023-03-31,46,7402,401147.95999999996,54.056129032258056,48.10322580645162
2023-03-31,47,7056,391345.96,54.91383870967742,45.08387096774193
2023-03-31,48,7334,377965.11,51.67832258064516,46.12903225806452
2023-03-31,49,7327,381074.23,52.45451612903226,44.55483870967742
2023-03-31,50,7430,368430.74,49.26987096774194,48.1258064516129
2023-04-30,1,7162,393736.56,55.30323333333333,45.75333333333334
2023-04-30,2,7150,359905.93,50.7139,46.53
2023-04-30,3,7170,377800.55,52.64496666666666,46.53
2023-04-30,4,7213,367539.15,50.867733333333334,47.026666666666664
2023-04-30,5,7266,376518.82,51.543899999999994,46.92333333333333
2023-04-30,6,7071,366817.25,52.03266666666667,46.480000000000004
2023-04-30,7,7178,388793.54,53.9698,46.64333333333333
2023-04-30,8,7171,362641.22,50.98076666666667,47.693333333333335
2023-04-30,9,7305,399421.21,54.57736666666667,48.17
2023-04-30,10,7231,400408.45,55.50343333333333,47.11333333333333
2023-04-30,11,7142,385811.75,53.4962,47.08666666666666
2023-04-30,12,7101,380269.94,53.7419,46.18333333333333
2023-04-30,13,7148,367080.58,51.2793,46.36
2023-04-30,14,7349,393574.47,53.81563333333334,48.13
2023-04-30,15,7237,340687.32,47.20896666666667,46.74666666666666
2023-04-30,16,7201,399768.87,55.44643333333333,48.03
2023-04-30,17,7173,378025.44,52.5856,45.4
2023-04-30,18,7089,379877.58,54.20516666666666,43.97666666666667
2023-04-30,19,7270,396805.9,54.2934,47.510000000000005
2023-04-30,20,7229,385788.48,53.213166666666666,45.71666666666666
2023-04-30,21,7268,389158.66000000003,53.32936666666667,46.39333333333333
2023-04-30,22,7066,375308.57,52.7346,45.096666666666664
2023-04-30,23,6981,361810.08,51.752233333333336,48.55333333333333
2023-04-30,24,7126,364748.53,51.75433333333334,47.760000000000005
2023-04-30,25,7271,368016.7,51.29246666666667,46.836666666666666
2023-04-30,26,7214,367308.64,51.1044,47.95
2023-04-30,27,7085,373816.84,52.7333,46.266666666666666
2023-04-30,28,7192,382755.66,53.6494,45.69
2023-04-30,29,7209,372978.99,51.98403333333333,46.93333333333333
2023-04-30,30,7274,385766.6,53.03123333333333,47.39333333333333
2023-04-30,31,7177,385009.84,53.33756666666667,45.49333333333333
2023-04-30,32,7111,386395.86,54.336633333333324,46.04666666666667
2023-04-30,33,7110,374063.5,52.467,46.15333333333333
2023-04-30,34,7231,368414.38,51.301633333333335,47.10333333333334
2023-04-30,35,7142,393282.37,55.04143333333333,45.42333333333333
2023-04-30,36,7328,385102.18,52.343399999999995,48.10333333333333
2023-04-30,37,7080,368550.08999999997,52.178200000000004,46.52333333333333
2023-04-30,38,7083,384051.01,54.39403333333333,47.08
2023-04-30,39,7142,378776.77999999997,53.140633333333334,48.15
2023-04-30,40,7155,391687.14,54.4166,48.123333333333335
2023-04-30,41,7042,374925.93,53.60413333333334,44.29666666666667
2023-04-30,42,7103,362337.26,51.1454,45.39333333333333
2023-04-30,43,7027,365451.06,52.07263333333333,43.70666666666666
2023-04-30,44,7201,369246.93,51.489200000000004,46.17999999999999
2023-04-30,45,7055,364290.62,51.79666666666667,45.58
2023-04-30,46,7149,360793.26,50.288,45.08333333333333
2023-04-30,47,7092,375775.83999999997,53.006899999999995,46.64
2023-04-30,48,7135,339579.25,47.56653333333334,45.92666666666666
2023-04-30,49,7264,381526.53,51.96923333333333,45.9
2023-04-30,50,7223,375851.33999999997,51.70666666666666,46.879999999999995
2023-05-31,1,7165,359092.93,50.262,45.05483870967741
2023-05-31,2,7211,370303.41,50.76964516129032,46.277419354838706
2023-05-31,3,7267,375391.97,51.66383870967742,46.2
2023-05-31,4,7208,383588.38,53.52751612903226,46.44516129032258
2023-05-31,5,7312,375660.24,50.934451612903224,45.87741935483871
2023-05-31,6,7361,401085.82,53.78245161290323,45.8741935483871
2023-05-31,7,7368,373951.38,51.28651612903226,47.35806451612903
2023-05-31,8,7180,372478.15,52.463258064516126,46.64516129032258
2023-05-31,9,7360,399090.49,54.444580645161295,46.28064516129032
2023-05-31,10,7226,371480.37,51.049290322580646,45.99677419354838
2023-05-31,11,7328,382757.36,52.06867741935484,47.829032258064515
2023-05-31,12,7174,354600.76,49.513387096774196,46.225806451612904
2023-05-31,13,7325,388078.97,52.733258064516136,45.28387096774193
2023-05-31,14,7259,392068.94,54.43532258064516,46.07741935483871
2023-05-31,15,7140,392587.21,55.157258064516135,45.24838709677419
2023-05-31,16,7239,379071.42,52.38974193548387,46.42903225806451
2023-05-31,17,7261,384048.77,52.858096774193555,47.24193548387097
2023-05-31,18,7275,387617.36,53.231096774193546,47.648387096774194
2023-05-31,19,7174,372320.27,52.174354838709675,46.39032258064516
2023-05-31,20,7224,371536.71,51.472741935483874,44.57741935483871
2023-05-31,21,7249,371039.70999999996,51.13509677419354,46.322580645161295
2023-05-31,22,7409,388397.04000000004,52.899032258064516,45.774193548387096
2023-05-31,23,7342,376741.27,50.737096774193546,45.84838709677419
2023-05-31,24,7210,387809.5,53.31629032258064,45.980645161290326
2023-05-31,25,7151,357609.95,50.396,45.983870967741936
2023-05-31,26,7184,377043.22000000003,52.468419354838716,44.832258064516125
2023-05-31,27,7230,395547.1,54.165,44.92903225806451
2023-05-31,28,7197,378377.42,52.720064516129035,46.18387096774193
2023-05-31,29,7294,401814.6,55.17645161290322,45.58387096774193
2023-05-31,30,7162,374004.36,52.023483870967745,45.71612903225806
2023-05-31,31,7191,371362.17,51.52054838709678,45.332258064516125
2023-05-31,32,7349,398795.1,54.20961290322581,47.229032258064514
2023-05-31,33,7290,378809.81,52.571225806451615,45.938709677419354
2023-05-31,34,7362,370182.79,50.03558064516129,46.83870967741935
2023-05-31,35,7243,386370.32999999996,53.57848387096774,47.30967741935484
2023-05-31,36,7234,391067.33,54.0858064516129,45.651612903225804
2023-05-31,37,7071,377140.02,53.735,45.46774193548387
2023-05-31,38,7296,391251.11,53.11309677419355,45.30967741935484
2023-05-31,39,7295,382683.25,52.986322580645165,45.13548387096775
2023-05-31,40,7269,393867.92,54.61387096774193,46.16129032258065
2023-05-31,41,7205,394839.38,54.90690322580646,45.938709677419354
2023-05-31,42,7405,389356.5,52.75729032258065,47.44838709677419
2023-05-31,43,7173,391682.58,55.08903225806451,45.10967741935484
2023-05-31,44,7155,386451.91,53.513612903225805,46.54193548387097
2023-05-31,45,7265,378861.16000000003,52.24203225806451,48.63225806451613
2023-05-31,46,7234,373233.94,51.32535483870968,44.95483870967742
2023-05-31,47,7194,383721.3,52.33848387096774,44.593548387096774
2023-05-31,48,7282,385540.35,53.78725806451613,44.983870967741936
2023-05-31,49,7197,367567.76,51.08829032258065,46.480645161290326
2023-05-31,50,7249,390856.25,53.80616129032258,45.50967741935484
2023-06-30,1,6707,353312.88,52.49993333333333,45.24666666666666
2023-06-30,2,6668,347551.52,52.20406666666666,45.43333333333333
2023-06-30,3,6669,360886.71,53.89083333333333,45.55333333333333
2023-06-30,4,6556,344117.17,51.95086666666666,45.736666666666665
2023-06-30,5,6783,350295.35,51.910333333333334,46.02333333333333
2023-06-30,6,6576,360400.95,54.30763333333333,46.00333333333333
2023-06-30,7,6563,342580.08,52.5037,44.18333333333333
2023-06-30,8,6650,352129.31,52.669533333333334,43.986666666666665
2023-06-30,9,6642,322500.58,48.426233333333336,46.69
2023-06-30,10,6800,367962.77,54.31973333333333,46.06333333333333
2023-06-30,11,6701,359301.1,52.986266666666666,45.04666666666667
2023-06-30,12,6576,339271.98,52.019833333333324,44.28333333333334
2023-06-30,13,6801,361418.4,53.442666666666675,45.72
2023-06-30,14,6608,364151.56,54.22853333333334,45.14666666666666
2023-06-30,15,6584,340329.3,52.0067,45.026666666666664
2023-06-30,16,6499,327281.24,50.74666666666667,45.343333333333334
2023-06-30,17,6731,360330.04000000004,53.45106666666667,45.81666666666666
2023-06-30,18,6697,362522.96,53.9346,44.79333333333334
2023-06-30,19,6572,352792.81,53.86486666666666,44.526666666666664
2023-06-30,20,6734,331282.38,49.35026666666667,44.809999999999995
2023-06-30,21,6631,343637.43,51.849833333333336,43.760000000000005
2023-06-30,22,6689,340947.86,51.649766666666665,46.693333333333335
2023-06-30,23,6656,342055.93,51.4191,44.593333333333334
2023-06-30,24,6537,357322.53,54.690133333333335,43.42333333333333
2023-06-30,25,6620,342726.1,52.262433333333334,44.763333333333335
2023-06-30,26,6515,351309.41000000003,53.403166666666664,45.06333333333333
2023-06-30,27,6570,325950.06,50.25526666666667,45.059999999999995
2023-06-30,28,6545,345968.56,52.28023333333333,44.209999999999994
2023-06-30,29,6586,347023.27,52.87043333333334,45.92
2023-06-30,30,6637,341554.24,51.78313333333333,44.93
2023-06-30,31,6621,357511.4,54.303200000000004,44.55
2023-06-30,32,6705,345544.94,51.43553333333333,44.736666666666665
2023-06-30,33,6626,333420.27,50.86123333333333,43.46666666666666
2023-06-30,34,6531,344630.13,52.714666666666666,44.239999999999995
2023-06-30,35,6579,335258.64,50.505766666666666,44.49666666666667
2023-06-30,36,6505,345252.7,52.510666666666665,45.87
2023-06-30,37,6566,342328.44,52.128233333333334,46.29333333333334
2023-06-30,38,6660,346967.92,51.93373333333333,44.89666666666666
2023-06-30,39,6724,348579.04,52.274166666666666,45.346666666666664
2023-06-30,40,6661,344359.76,51.836633333333324,44.58333333333333
2023-06-30,41,6651,353537.3,53.41443333333334,44.08
2023-06-30,42,6678,361278.86,53.44003333333334,44.239999999999995
2023-06-30,43,6563,344375.78,52.0629,43.68333333333333
2023-06-30,44,6593,332398.47,50.43933333333333,46.276666666666664
2023-06-30,45,6657,334944.07,49.930600000000005,44.68
2023-06-30,46,6729,334688.45,50.68856666666667,44.75
2023-06-30,47,6565,337774.21,50.830533333333335,43.97
2023-06-30,48,6636,343039.46,51.91276666666666,45.266666666666666
2023-06-30,49,6696,351069.31,52.822266666666664,45.66666666666667
2023-06-30,50,6683,374700.85,55.745466666666665,44.39666666666666
2023-07-31,1,6099,306610.12,50.54232258064516,43.04193548387097
2023-07-31,2,6234,334938.51,53.62061290322581,43.23548387096774
2023-07-31,3,6004,308106.21,50.95161290322581,42.43225806451613
2023-07-31,4,6160,319632.8,51.829354838709676,44.351612903225806
2023-07-31,5,6183,318695.64999999997,52.22145161290323,44.31935483870968
2023-07-31,6,6173,322134.13,52.15141935483871,41.91290322580645
2023-07-31,7,6245,334269.77999999997,53.37309677419355,42.167741935483875
2023-07-31,8,6173,302331.67,49.46251612903226,43.25806451612903
2023-07-31,9,6307,304493.3,48.25225806451613,43.50645161290323
2023-07-31,10,6153,330298.8,54.0076129032258,43.20967741935483
2023-07-31,11,6318,342043.33,53.88041935483871,40.487096774193546
2023-07-31,12,6118,320601.51,52.293000000000006,42.306451612903224
2023-07-31,13,6266,343711.70999999996,54.727225806451614,43.851612903225806
2023-07-31,14,6192,346970.04,55.64487096774193,41.92903225806452
2023-07-31,15,6371,355905.93,55.40141935483871,45.193548387096776
2023-07-31,16,6294,315416.35,50.172709677419356,44.47741935483871
2023-07-31,17,6133,327338.52,52.97538709677419,40.81935483870968
2023-07-31,18,6272,332075.06,52.71032258064516,44.34516129032258
2023-07-31,19,6199,329852.37,52.38938709677419,44.76774193548387
2023-07-31,20,6144,323426.83,51.740161290322575,43.174193548387095
2023-07-31,21,6136,311676.74,50.7781935483871,42.86451612903225
2023-07-31,22,6222,314891.02,50.74438709677419,42.65483870967742
2023-07-31,23,6178,330174.71,53.76112903225807,43.43225806451613
2023-07-31,24,6362,338044.43,53.409451612903226,42.248387096774195
2023-07-31,25,6157,337534.11,54.287225806451616,43.380645161290325
2023-07-31,26,6105,329418.67,53.83396774193549,40.93225806451613
2023-07-31,27,6143,326315.56,52.86383870967742,42.62258064516129
2023-07-31,28,6327,328698.67,52.04696774193549,44.44516129032258
2023-07-31,29,6137,323026.45,52.94967741935484,41.66129032258065
2023-07-31,30,6219,334806.47,53.75141935483871,43.26451612903226
2023-07-31,31,6186,341611.89,56.15306451612903,42.06774193548387
2023-07-31,32,6253,342155.44,54.86419354838709,44.45483870967742
2023-07-31,33,6222,324106.28,52.500193548387095,43.480645161290326
2023-07-31,34,6236,328811.96,52.696000000000005,42.332258064516125
2023-07-31,35,6270,325872.06,51.578774193548384,43.8
2023-07-31,36,6208,331633.85000000003,53.14109677419354,43.62258064516129
2023-07-31,37,6098,318848.66,51.736451612903224,41.748387096774195
2023-07-31,38,6221,319855.66,51.181612903225805,43.2
2023-07-31,39,6241,321748.12,51.22377419354839,43.938709677419354
2023-07-31,40,6305,331941.69,52.96916129032259,43.148387096774194
2023-07-31,41,6096,316009.34,51.79148387096774,41.28387096774193
2023-07-31,42,6137,318259.85,51.686903225806454,40.825806451612905
2023-07-31,43,6070,324117.45999999996,53.898967741935486,42.27096774193548
2023-07-31,44,6173,316706.64,50.94648387096775,42.009677419354844
2023-07-31,45,6289,340492.68,54.21941935483871,42.75806451612903
2023-07-31,46,6250,327064.73,52.011645161290325,40.351612903225806
2023-07-31,47,6184,316443.62,51.11474193548388,41.78064516129032
2023-07-31,48,6289,330987.28,52.29477419354839,42.46774193548387
2023-07-31,49,6334,332176.0,52.313483870967744,43.79032258064516
2023-07-31,50,6218,327472.86,53.474387096774194,42.24516129032258
2023-08-31,1,5516,293018.4,53.370387096774195,39.6
2023-08-31,2,5499,302146.92,55.047161290322585,40.58709677419355
2023-08-31,3,5373,272270.52999999997,50.29709677419355,42.670967741935485
2023-08-31,4,5539,281231.52999999997,51.07906451612904,40.322580645161295
2023-08-31,5,5572,298080.41000000003,52.826258064516125,41.18387096774194
2023-08-31,6,5508,266100.64,48.32806451612903,41.09032258064516
2023-08-31,7,5513,301318.47,54.70712903225807,42.561290322580646
2023-08-31,8,5479,285709.1,52.32112903225807,41.13225806451613
2023-08-31,9,5623,289383.37,51.8268064516129,39.94193548387097
2023-08-31,10,5591,282026.86,50.21132258064516,41.64516129032258
2023-08-31,11,5500,292718.21,53.653193548387094,39.96774193548387
2023-08-31,12,5430,281626.95,52.18403225806452,41.277419354838706
2023-08-31,13,5481,299115.05,54.40267741935484,39.36129032258064
2023-08-31,14,5516,291658.29,52.202774193548386,40.277419354838706
2023-08-31,15,5499,276995.89999999997,50.17529032258064,40.31935483870968
2023-08-31,16,5571,301557.12,53.52125806451613,41.89354838709677
2023-08-31,17,5487,282023.67,52.01696774193548,40.119354838709675
2023-08-31,18,5411,289748.12,53.84022580645161,39.47096774193548
2023-08-31,19,5583,300294.75,53.726516129032255,40.62903225806452
2023-08-31,20,5463,294089.74,53.24361290322581,40.16451612903226
2023-08-31,21,5582,295713.12,52.90274193548387,41.725806451612904
2023-08-31,22,5411,287539.56,53.44035483870967,39.829032258064515
2023-08-31,23,5302,268382.33999999997,50.54696774193549,39.4741935483871
2023-08-31,24,5495,284271.83999999997,51.263225806451615,39.29354838709678
2023-08-31,25,5391,278212.03,52.3728064516129,41.022580645161284
2023-08-31,26,5553,300072.85,54.3891935483871,40.883870967741935
2023-08-31,27,5439,294473.5,53.83735483870968,39.725806451612904
2023-08-31,28,5424,280887.17,51.74487096774194,40.53225806451613
2023-08-31,29,5496,288940.93,52.30506451612903,40.483870967741936
2023-08-31,30,5706,290714.75,50.88461290322581,40.45161290322581
2023-08-31,31,5544,285326.27,51.792451612903236,40.20645161290322
2023-08-31,32,5561,293185.49,52.32435483870968,41.73870967741935
2023-08-31,33,5609,305295.83,54.206483870967745,40.52903225806452
2023-08-31,34,5399,291363.3,53.26835483870967,41.95483870967742
2023-08-31,35,5532,290591.23,52.3786129032258,41.66451612903226
2023-08-31,36,5500,267598.2,48.49048387096774,41.74516129032258
2023-08-31,37,5443,282878.49,52.200548387096774,40.24516129032258
2023-08-31,38,5447,290403.8,53.35,39.351612903225806
2023-08-31,39,5603,294680.62,52.36274193548387,41.990322580645156
2023-08-31,40,5494,282844.37,51.23861290322581,40.43225806451613
2023-08-31,41,5650,303742.95,53.059387096774195,41.73548387096774
2023-08-31,42,5555,284637.14,51.217677419354835,40.9258064516129
2023-08-31,43,5520,270605.81,48.82670967741936,39.96774193548387
2023-08-31,44,5495,289285.08,51.68354838709678,41.61612903225806
2023-08-31,45,5517,284035.63,50.96206451612903,41.15483870967741
2023-08-31,46,5603,309181.98,55.765,42.3741935483871
2023-08-31,47,5608,297938.11,53.37722580645161,42.061290322580646
2023-08-31,48,5572,296340.26,53.29677419354839,38.306451612903224
2023-08-31,49,5563,298282.97,53.58964516129032,41.47741935483871
2023-08-31,50,5534,300574.74,54.61554838709677,40.86774193548387
2023-09-30,1,4948,249405.52,50.826299999999996,39.49333333333333
2023-09-30,2,5035,256931.76,51.590333333333334,40.21
2023-09-30,3,5014,256706.62,51.58273333333333,41.03666666666667
2023-09-30,4,4961,252421.06,50.72773333333333,40.63
2023-09-30,5,4960,252858.39,51.10483333333333,39.14333333333333
2023-09-30,6,4885,251348.64,51.533500000000004,38.2
2023-09-30,7,4968,263334.84,53.18643333333333,40.153333333333336
2023-09-30,8,4988,247697.56,49.84883333333333,38.696666666666665
2023-09-30,9,5039,253922.12,50.9502,39.25333333333333
2023-09-30,10,4866,257917.31,52.4337,38.769999999999996
2023-09-30,11,4849,264604.91000000003,54.74633333333334,39.75333333333333
2023-09-30,12,4989,258338.11000000002,51.183299999999996,38.82333333333334
2023-09-30,13,5093,266607.44,52.25276666666666,40.78333333333333
2023-09-30,14,4868,255694.27,52.412166666666664,39.123333333333335
2023-09-30,15,4985,260034.56,51.591300000000004,39.47
2023-09-30,16,5135,269777.03,52.704633333333334,40.38333333333333
2023-09-30,17,5038,251111.16,50.61786666666667,38.43333333333334
2023-09-30,18,4985,259049.76,52.23533333333334,40.33
2023-09-30,19,4956,267781.22,53.589200000000005,39.92999999999999
2023-09-30,20,4947,256831.43,52.294,38.07666666666667
2023-09-30,21,5019,271289.36,54.13656666666667,40.410000000000004
2023-09-30,22,5054,255878.48,50.36443333333334,39.29
2023-09-30,23,5014,270024.48,53.44296666666666,39.493333333333325
2023-09-30,24,4977,258384.02,51.729033333333334,39.876666666666665
2023-09-30,25,4957,244420.71,50.04166666666667,39.263333333333335
2023-09-30,26,5045,270805.52999999997,53.260733333333334,38.04
2023-09-30,27,5061,273147.04,54.044533333333334,40.236666666666665
2023-09-30,28,4983,261702.16,52.49393333333334,39.339999999999996
2023-09-30,29,4959,258096.5,52.556999999999995,40.61666666666667
2023-09-30,30,4963,257386.87,51.71886666666667,39.346666666666664
2023-09-30,31,4857,255092.34,51.973633333333325,40.5
2023-09-30,32,5027,263736.73,52.3612,37.99666666666666
2023-09-30,33,4966,255172.38,51.7793,39.056666666666665
2023-09-30,34,4984,249615.0,49.8661,37.989999999999995
2023-09-30,35,4968,255791.22,51.011466666666664,39.290000000000006
2023-09-30,36,4971,263781.19,52.7906,39.92
2023-09-30,37,4981,274069.1,55.63793333333333,40.57
2023-09-30,38,5060,256642.82,51.356366666666666,40.67
2023-09-30,39,5047,271004.48,53.48676666666667,41.18
2023-09-30,40,4897,248289.66,51.1442,39.43333333333333
2023-09-30,41,5031,249510.94999999998,50.128499999999995,39.13333333333333
2023-09-30,42,4922,257065.53,52.670366666666666,39.74666666666666
2023-09-30,43,5036,271942.88,54.34686666666666,38.81333333333333
2023-09-30,44,5007,251481.56,50.31133333333334,39.306666666666665
2023-09-30,45,4843,253170.76,52.49366666666667,39.07
2023-09-30,46,5050,262232.24,51.72213333333333,39.239999999999995
2023-09-30,47,4846,262379.14,53.34686666666666,38.35666666666667
2023-09-30,48,4945,250200.58000000002,50.36343333333333,37.68333333333333
2023-09-30,49,5052,277214.45,54.461299999999994,38.949999999999996
2023-09-30,50,5116,266551.8,51.51403333333333,37.79666666666667
2023-10-31,1,4918,260438.33000000002,53.006451612903234,38.38709677419355
2023-10-31,2,5097,263051.93,52.14835483870968,38.63225806451613
2023-10-31,3,4778,255291.01,53.284387096774196,37.97096774193548
2023-10-31,4,4894,253737.86,51.57645161290323,40.13870967741936
2023-10-31,5,4966,259769.97999999998,52.42951612903225,40.99354838709677
2023-10-31,6,5046,272016.27,52.753354838709676,38.509677419354844
2023-10-31,7,5015,253968.34,50.40835483870968,37.40967741935484
2023-10-31,8,4860,256510.02000000002,52.70590322580646,39.20322580645161
2023-10-31,9,4907,254606.79,51.89322580645161,39.58064516129032
2023-10-31,10,5135,277642.19,54.45393548387098,39.677419354838705
2023-10-31,11,5068,278234.91000000003,55.54696774193549,40.34516129032258
2023-10-31,12,5095,263910.17,51.35677419354838,39.81612903225807
2023-10-31,13,4938,262829.47,52.40496774193548,38.2
2023-10-31,14,4982,273506.23,55.471548387096774,38.535483870967745
2023-10-31,15,4871,241645.77,49.52793548387097,38.019354838709674
2023-10-31,16,4846,251904.83,51.488354838709675,38.5
2023-10-31,17,4782,247132.63,50.904548387096774,37.483870967741936
2023-10-31,18,4978,275630.57,54.693322580645166,39.441935483870964
2023-10-31,19,4926,266229.52,53.95177419354839,38.8
2023-10-31,20,4932,260891.47,52.84509677419355,39.92258064516129
2023-10-31,21,4968,264158.75,52.89203225806451,39.464516129032255
2023-10-31,22,4930,257125.74,52.138677419354835,38.32258064516129
2023-10-31,23,5033,263617.65,52.70306451612903,39.95806451612903
2023-10-31,24,5031,265171.52,53.00425806451612,39.79354838709678
2023-10-31,25,5003,252989.51,50.24341935483871,37.63548387096775
2023-10-31,26,4801,241625.6,50.50670967741935,39.93225806451613
2023-10-31,27,4893,266709.2,54.43812903225806,38.564516129032256
2023-10-31,28,4898,253795.75,51.70751612903225,38.30322580645161
2023-10-31,29,5082,263138.08999999997,51.78432258064517,39.00645161290323
2023-10-31,30,4959,271875.45,53.80467741935483,40.28387096774193
2023-10-31,31,4969,270193.71,54.28393548387097,38.65483870967742
2023-10-31,32,4840,249671.04,51.36235483870968,37.61290322580645
2023-10-31,33,5068,256288.95,50.92180645161291,41.022580645161284
2023-10-31,34,4897,271686.78,55.44832258064516,39.5258064516129
2023-10-31,35,4916,267822.01,54.54132258064517,38.63870967741936
2023-10-31,36,5028,267178.91000000003,53.14038709677419,38.777419354838706
2023-10-31,37,4888,261649.34,53.70216129032258,39.13870967741936
2023-10-31,38,4846,256923.45,53.195548387096764,37.593548387096774
2023-10-31,39,4997,278641.76,55.80516129032257,37.73548387096774
2023-10-31,40,4897,259907.07,52.303774193548385,39.693548387096776
2023-10-31,41,5080,255170.16,49.917645161290324,38.47096774193548
2023-10-31,42,4992,258999.08000000002,51.60509677419354,39.25806451612903
2023-10-31,43,4943,269915.98,53.90645161290322,41.30967741935484
2023-10-31,44,5067,266630.94,52.42100000000001,38.29354838709678
2023-10-31,45,4907,253960.05,51.284612903225806,37.86774193548387
2023-10-31,46,4958,261741.91999999998,52.74177419354838,39.37096774193548
2023-10-31,47,4972,254124.77000000002,51.1301935483871,38.49354838709677
2023-10-31,48,5032,270585.28,53.98793548387097,39.964516129032255
2023-10-31,49,4902,248507.09,50.84716129032258,37.65483870967742
2023-10-31,50,4884,256721.09,52.51125806451613,37.906451612903226
2023-11-30,1,5011,255918.81,51.19446666666666,38.11333333333333
2023-11-30,2,5087,275137.77,54.6871,39.556666666666665
2023-11-30,3,5008,267212.28,53.083600000000004,39.4
2023-11-30,4,5015,267605.57,53.78666666666667,39.28666666666667
2023-11-30,5,5065,264573.07,51.75143333333333,40.71
2023-11-30,6,5067,258802.05,52.028166666666664,37.75333333333333
2023-11-30,7,5081,269488.57,53.289,40.306666666666665
2023-11-30,8,4974,261060.81,51.95366666666666,40.60666666666667
2023-11-30,9,4994,271006.43,54.5071,39.03333333333333
2023-11-30,10,5049,264851.78,52.04363333333333,39.21
2023-11-30,11,4843,244842.97999999998,50.7367,38.95
2023-11-30,12,4996,256258.21,51.25783333333334,40.17
2023-11-30,13,5026,263866.09,52.56436666666666,39.04333333333333
2023-11-30,14,5098,257810.28,50.33173333333333,39.61
2023-11-30,15,4989,272969.05,54.118433333333336,40.0
2023-11-30,16,4957,248281.25,50.68063333333333,38.32333333333333
2023-11-30,17,4936,250717.08,50.7928,40.193333333333335
2023-11-30,18,4961,265797.98,53.09343333333334,40.92666666666666
2023-11-30,19,5003,266670.61,53.2011,38.05
2023-11-30,20,4977,262699.53,52.3962,38.373333333333335
2023-11-30,21,4999,264474.4,52.791466666666665,38.346666666666664
2023-11-30,22,5002,261338.22,52.21470000000001,39.93333333333333
2023-11-30,23,4993,266479.93,53.1253,38.24666666666666
2023-11-30,24,4926,251667.36000000002,51.07796666666667,39.12
2023-11-30,25,5062,258935.77,50.09353333333333,39.08333333333333
2023-11-30,26,4997,270572.2,53.989333333333335,40.75333333333333
2023-11-30,27,4962,268040.1,53.95343333333333,39.916666666666664
2023-11-30,28,5050,275353.85,54.457633333333334,40.309999999999995
2023-11-30,29,5054,261859.01,51.46773333333333,39.663333333333334
2023-11-30,30,4955,269214.76,54.255500000000005,38.25333333333333
2023-11-30,31,4894,246588.87,50.751733333333334,39.24666666666667
2023-11-30,32,5133,273459.22,52.97666666666667,41.57666666666667
2023-11-30,33,5047,265144.58999999997,52.403666666666666,39.843333333333334
2023-11-30,34,4947,264494.29,53.381433333333334,37.559999999999995
2023-11-30,35,5102,266753.74,52.4144,39.56333333333333
2023-11-30,36,5081,279834.04,54.33246666666666,37.973333333333336
2023-11-30,37,5031,269814.27,53.4188,41.07
2023-11-30,38,4923,256547.22,51.77353333333333,38.54666666666667
2023-11-30,39,4825,257021.22,53.22213333333333,39.89333333333333
2023-11-30,40,4956,252845.15,51.11306666666667,39.260000000000005
2023-11-30,41,4946,257616.99,51.56966666666667,40.876666666666665
2023-11-30,42,5058,268038.9,52.70003333333333,38.60666666666667
2023-11-30,43,5007,267523.27,53.301300000000005,39.29666666666667
2023-11-30,44,5147,255579.91,49.9818,40.026666666666664
2023-11-30,45,5122,266188.72,52.57026666666667,41.196666666666665
2023-11-30,46,5130,267703.7,51.9283,39.379999999999995
2023-11-30,47,5135,276911.58999999997,54.0345,40.696666666666665
2023-11-30,48,5148,269622.4,52.32016666666667,39.64666666666667
2023-11-30,49,4972,270675.01,54.79866666666667,38.47333333333333
2023-11-30,50,4968,258182.68,52.36803333333334,39.27333333333333
2023-12-31,1,5682,293857.1,51.83206451612904,41.60645161290323
2023-12-31,2,5618,292077.57,51.97538709677419,41.37419354838709
2023-12-31,3,5553,279848.36,50.47641935483871,40.34193548387097
2023-12-31,4,5554,299352.84,54.41406451612903,42.02258064516129
2023-12-31,5,5518,290551.61,53.3193870967742,40.880645161290325
2023-12-31,6,5764,303851.1,52.91635483870967,43.016129032258064
2023-12-31,7,5673,301656.94,52.86090322580645,41.8
2023-12-31,8,5570,289818.62,52.02603225806452,40.34516129032258
2023-12-31,9,5486,280348.67,51.09893548387097,41.74516129032258
2023-12-31,10,5571,292199.19,53.172000000000004,41.58709677419355
2023-12-31,11,5610,299871.16,53.26845161290322,42.3
2023-12-31,12,5669,292022.23,51.14258064516129,40.07096774193549
2023-12-31,13,5550,287537.69,51.771903225806454,39.44516129032258
2023-12-31,14,5611,303606.08,53.68351612903226,40.832258064516125
2023-12-31,15,5491,314969.03,57.046838709677424,41.225806451612904
2023-12-31,16,5589,291173.16,52.34709677419355,40.170967741935485
2023-12-31,17,5557,297326.33,53.27161290322581,39.56774193548387
2023-12-31,18,5617,282498.35,49.96551612903226,42.49677419354838
2023-12-31,19,5606,303635.58,54.237,41.65806451612903
2023-12-31,20,5439,287092.97,52.84096774193548,41.39032258064516
2023-12-31,21,5611,289445.7,51.20783870967741,39.93225806451613
2023-12-31,22,5701,308251.43,53.926645161290324,41.177419354838705
2023-12-31,23,5464,297395.34,54.32512903225806,41.24516129032258
2023-12-31,24,5688,293281.97000000003,51.216645161290316,41.34193548387097
2023-12-31,25,5702,306494.55,53.96164516129032,40.92903225806452
2023-12-31,26,5499,288860.61,52.60851612903226,38.8741935483871
2023-12-31,27,5675,287611.91,50.88748387096774,40.38709677419355
2023-12-31,28,5531,283976.48,51.69525806451613,39.061290322580646
2023-12-31,29,5676,292274.08,52.20596774193549,39.86774193548387
2023-12-31,30,5537,290532.15,52.520419354838715,40.95806451612903
2023-12-31,31,5742,303280.16000000003,52.579096774193545,39.85806451612903
2023-12-31,32,5633,285476.79,50.75829032258064,40.75806451612903
2023-12-31,33,5579,280940.35,50.55174193548387,40.5741935483871
2023-12-31,34,5582,301237.26,53.8721935483871,41.63548387096775
2023-12-31,35,5495,290372.1,52.89916129032258,40.751612903225805
2023-12-31,36,5614,303459.2,54.396838709677425,40.07741935483871
2023-12-31,37,5635,299599.94,53.437387096774195,40.44516129032258
2023-12-31,38,5699,290292.92,51.13441935483871,42.71612903225806
2023-12-31,39,5565,294925.32,52.82516129032258,41.29032258064516
2023-12-31,40,5636,298850.31,52.98761290322581,39.68064516129032
2023-12-31,41,5678,295675.37,51.977838709677414,41.28387096774193
2023-12-31,42,5511,285394.58999999997,51.718322580645165,40.87741935483871
2023-12-31,43,5567,296898.25,53.18993548387097,39.41935483870968
2023-12-31,44,5659,297068.20999999996,52.45554838709677,40.73548387096774
2023-12-31,45,5527,292883.55,52.24603225806452,41.95806451612903
2023-12-31,46,5624,282056.92,50.233999999999995,40.87096774193548
2023-12-31,47,5592,303186.16,54.22293548387097,39.8741935483871
2023-12-31,48,5468,277094.33,51.092225806451616,38.21935483870968
2023-12-31,49,5486,296838.36,54.30474193548387,39.03225806451613
2023-12-31,50,5569,292729.4,52.79709677419355,39.83870967741935
